4492 6638
447 639 488 701 2ss
911 633 1023 690 caess
1043 631 1352 688 sanocuoiouau.
1371 664 1403 672 -
1421 631 1637 687 secessim.

445 809 642 874 Zirardiuns
656 828 742 872 anuo
763 809 853 870 1766.
878 806 1008 871 titulum
1023 808 1074 870 26.
1098 827 1137 870 en
1158 805 1261 870 codice
1275 807 1307 871 A
1321 810 1340 870 2
1357 807 1393 871 in
1407 807 1497 886 ‘Imp
1514 805 1631 870 Ttieod.
1647 809 1676 868 et
1694 803 1814 870 Valent.
1831 802 1959 869 novellis
1973 801 2098 884 lepibus'

438 934 474 994 p.
492 914 564 976 521.
590 911 701 974 emisit.
753 909 924 974 Praeterea
955 930 1024 973 una
1053 931 1124 973 curu
1154 908 1231 973 aliis
1257 908 1486 974 collectionibus
1512 907 1651 988 fontium
1679 907 1763 971 iuris
1790 907 1930 972 Roiani
1958 903 2100 985 separati

445 1014 534 1079 tituli
549 1016 578 1077 2.
594 1015 643 1076 17.
656 1017 697 1078 44
720 1010 795 1094 lepis
810 1011 975 1077 Rouanm
997 1013 1074 1078 editi
1094 1019 1171 1077 sunt
1189 1033 1211 1076 a
1226 1012 1389 1091 Sielardo,
1416 1011 1498 1077 Tillo
1521 1011 1751 1092 cairoensem
1773 1009 1848 1093 lepis
1866 1008 2099 1085 Gundebadae;

444 1118 528 1200 quod
549 1117 616 1182 iam
637 1136 739 1198 sirpra
755 1137 790 1196 p.
808 1118 858 1180 22.
883 1121 1153 1181 commcmooturu
1175 1121 1229 1181 est.

554 1218 650 1283 Hanc
682 1217 774 1300 lepori
804 1218 983 1284 Romanam
1015 1225 1045 1283 et
1077 1219 1165 1284 edere
1196 1225 1225 1284 et
1255 1220 1292 1285 in
1321 1219 1462 1302 linquam
1491 1217 1765 1299 Francopallicam
1798 1217 1972 1298 transferre
2005 1215 2099 1281 etiam
2130 1245 2141 1284 s

445 1322 543 1388 o-E.
568 1321 842 1400 ValeulinSmitb,
865 1322 902 1386 in
923 1323 1029 1387 animo
1051 1343 1084 1388 se
1105 1322 1217 1387 babere
1237 1323 1317 1387 mibi
1338 1322 1501 1386 indicauit.

764 1511 784 1595 ἓ
807 1514 837 1576 8,
870 1510 926 1576 De
947 1515 1082 1576 nostra
1104 1512 1272 1577 editione
1294 1510 1422 1594 lepum
1444 1510 1779 1594 Bnrpundionum.

553 1630 608 1694 Ea
630 1630 683 1709 eis,
707 1651 788 1712 qnae
810 1630 848 1695 de
868 1630 1004 1696 bisteria
1026 1631 1126 1714 lepum
1141 1633 1413 1715 Burpundionum
1436 1638 1465 1697 ct
1480 1633 1518 1696 de
1533 1633 1700 1710 codicibus,
1722 1632 1838 1714 quibru
1856 1631 1994 1695 traditae
2012 1635 2097 1707 suiit,

444 1734 596 1811 dissoni,
624 1733 811 1814 efficiuntur
833 1735 988 1813 rationes,
1019 1736 1135 1816 quibus
1164 1737 1200 1800 in
1222 1736 1339 1819 lapibus
1360 1736 1426 1800 illis
1448 1736 1576 1800 edendis
1597 1737 1648 1800 uti
1669 1741 1823 1816 opertio,
1845 1733 1973 1812 scilicet
1995 1755 2100 1798 omnes

445 1836 523 1919 lepos
544 1843 574 1901 et
600 1837 636 1900 in
657 1857 725 1901 una
747 1837 881 1902 editione
902 1838 1205 1919 comprehendendas
1231 1845 1261 1904 et
1282 1841 1318 1904 iu
1339 1846 1402 1905 tres
1416 1845 1529 1920 partes
1550 1860 1614 1903 esse
1635 1839 1829 1904 diiridcndas.
2116 1864 2142 1904 u

553 1939 732 2021 Appellatio
747 1939 822 2004 libri
836 1942 1105 2021 constitutionum,
1120 1963 1202 2024 quae
1211 1944 1339 2023 primae
1348 1943 1441 2022 parti
1460 1941 1654 2021 insoibitur,
1670 1963 1710 2006 cc
1721 1943 1849 2023 primae
1864 1940 2098 2006 constitutionis

444 2044 663 2125 insonitum,
692 2063 789 2124 omni
810 2065 915 2108 omnes
936 2045 1056 2110 codices
1070 2046 1238 2125 praebent,
1261 2046 1424 2127 desumpta
1446 2050 1500 2110 est.
1548 2045 1652 2127 Quon
1673 2044 1924 2126 appellationem,
1954 2045 2012 2110 etsi
2034 2065 2098 2108 non

444 2169 466 2211 a
487 2148 676 2231 tempoibus
701 2168 808 2230 rapum
828 2147 1100 2231 Burpundionum
1127 2149 1260 2230 repetita
1289 2154 1346 2226 est,
1375 2154 1481 2213 toucn
1506 2153 1609 2213 aetate
1632 2150 1781 2214 inaurem
1809 2169 1873 2213 esse
1899 2152 2021 2213 constat
2047 2167 2096 2211 rc·

444 2251 541 2333 liquis
567 2252 850 2329 nominationibus,
882 2273 964 2334 orcas
990 2258 1120 2333 praeter
1146 2272 1215 2317 earu
1246 2253 1283 2316 in
1310 2252 1469 2316 codicibus
1495 2253 1723 2333 manuscriptis
1748 2252 1886 2335 lepinius.
1938 2250 2097 2314 Meuioia

444 2354 615 2419 multorum
636 2354 834 2420 soenorum
856 2357 952 2420 etiam
973 2376 1086 2420 nomeu
1105 2354 1179 2437 lepis
1199 2354 1416 2420 Gundebadae
1430 2355 1727 2436 coufirmatnmest;
1748 2376 1844 2436 quam
1858 2353 2098 2438 appellationem
2117 2378 2141 2416 u

438 2459 547 2538 priori
568 2479 605 2522 ea
627 2458 665 2522 de
685 2479 784 2522 causa
801 2460 1032 2540 postponimus,
1054 2460 1138 2540 quod
1159 2457 1367 2524 collectionem
1386 2460 1646 2523 constitutionum
1658 2460 1840 2541 penninam,
1862 2478 1884 2521 a
1902 2456 2098 2522 Gundobado

444 2568 575 2628 oeunte
597 2561 632 2628 V.
654 2563 779 2628 saeculo
801 2565 1011 2644 compositam,
1034 2565 1189 2646 intepram
1210 2562 1255 2626 ad
1274 2583 1332 2627 uos
1353 2583 1418 2626 nou
1432 2562 1612 2642 pooenisse
1634 2563 1844 2645 capnoomus,
1868 2561 1923 2625 sed
1942 2566 2099 2625 mutatam

437 2664 669 2746 posterioribus
697 2670 726 2730 ct
751 2663 944 2731 Gundebadi
972 2670 1002 2730 et
1024 2664 1220 2748 Sipismuudi
1242 2664 1367 2746 lepibus.
1401 2663 1581 2746 Appellatio
1603 2671 1724 2743 autem,
1754 2685 1851 2747 quam
1870 2664 2099 2745 proposuimus

443 2769 599 2832 secundae
615 2769 717 2852 parti,
747 2791 785 2833 en
807 2791 840 2834 se
862 2771 934 2850 ipso
951 2771 1117 2850 probatior,
1145 2769 1422 2833 institutionibus
1448 2769 1490 2832 iis
1512 2769 1790 2851 entrauapautibus
1812 2768 1994 2844 nominatis,
2016 2787 2098 2848 quae

444 2876 480 2935 nt
532 2872 577 2934 ita
621 2872 739 2949 dicam,
791 2877 882 2936 entra
920 2872 1037 2936 librum
1078 2871 1340 2937 corstitutionum
1378 2878 1544 2954 oapantnr.
1595 2871 1775 2955 Appellatio
1814 2871 1946 2952 denique
1985 2871 2097 2934 tertiae
2115 2892 2141 2930 u

438 2976 560 3057 partis,
589 2973 639 3039 lea
665 2975 831 3054 Romana,
860 2977 973 3041 omi‘sso
999 2977 1087 3041 vobo
1112 2975 1399 3058 Buryundionum,
1430 2976 1514 3056 quod
1538 2996 1806 3057 siiponacaneum
1827 2975 2045 3052 videturesse,
2068 2974 2098 3038 si

444 3081 574 3146 titulum
589 3079 803 3162 principalem
825 3083 1018 3162 respicimus,
1044 3081 1202 3146 codicibus
1225 3080 1346 3145 tradita
1368 3086 1422 3157 est,
1450 3086 1480 3144 et
1500 3081 1600 3158 verba,
1622 3101 1704 3161 quae
1724 3083 1850 3144 exstant
1870 3079 1907 3142 in
1928 3077 2003 3142 libri
2024 3096 2096 3141 coi·

443 3186 645 3250 stitutionnm
660 3206 714 3267 pr.
733 3191 829 3252 coest.
847 3188 918 3268 §St
940 3185 1052 3266 ‘forma
1074 3190 1104 3249 et
1125 3186 1276 3266 copositio
1292 3184 1391 3266 lepum
1405 3183 1462 3265 (sc.
1476 3183 1711 3263 Romanorum)
1727 3181 1923 3263 coescrrpla’,
1946 3181 1991 3244 ad
2005 3180 2099 3263 meru

443 3293 585 3353 nostram
614 3290 683 3353 sine
714 3289 807 3354 dubio
840 3287 1005 3368 referenda
1039 3294 1133 3367 sunt;
1176 3310 1246 3353 eam
1274 3293 1381 3352 amon
1407 3287 1645 3369 appellationum
1674 3287 1863 3368 tenporibus
1891 3285 1980 3367 repni
2007 3286 2097 3350 Bur-

441 3394 573 3476 puudici
601 3393 756 3458 usitatam
784 3392 886 3474 fuisse
912 3413 976 3458 non
1002 3397 1048 3457 est
1074 3393 1141 3457 eoi
1166 3391 1284 3469 sirnilo
1317 3389 1485 3473 appellatio
1512 3391 1645 3473 denique
1668 3390 1855 3472 ‘Papiauus’
1872 3389 1973 3471 plane
1999 3387 2096 3469 nepli
2115 3409 2139 3448 u

441 3497 547 3579 penda
568 3501 622 3573 est,
645 3518 716 3561 curu
738 3517 807 3562 earu
828 3495 947 3578 falsam
969 3517 1033 3562 esse
1055 3497 1121 3560 iam
1143 3496 1265 3560 dudum
1287 3496 1444 3578 cognitum
1465 3495 1518 3560 sit.

552 3599 674 3678 Restat,
698 3605 737 3663 ut
751 3620 862 3680 pauca
885 3600 981 3664 etiam
1002 3597 1096 3663 eoba
1118 3599 1155 3663 de
1177 3603 1287 3663 nostra
1309 3599 1445 3662 editione
1466 3598 1538 3678 ipsa
1559 3597 1699 3678 sociam:

554 3701 735 3766 Titulorum
765 3703 891 3768 nunuri
919 3701 994 3767 libri
1021 3703 1281 3766 constitutionum
1313 3699 1448 3782 lapisque
1476 3701 1641 3766 Romanae
1670 3704 1748 3767 certi
1769 3706 1863 3778 sunt;
1885 3699 2000 3764 incerti
2020 3703 2098 3762 suut

442 3827 521 3888 quos
541 3807 820 3872 constitutionibus
841 3806 1122 3889 nuncupantibus
1142 3806 1265 3884 adieci;
1294 3805 1370 3870 odo
1392 3806 1651 3870 corstitutionum
1673 3805 1950 3887 ectrauapontium
1976 3801 2097 3884 qualis-

444 3910 516 3976 libet
537 3932 603 3976 esse
620 3916 740 3994 potest;
758 3917 796 3975 ut
817 3917 924 3976 autem
946 3913 1012 3976 iam
1036 3911 1142 3975 Pilius
1164 3915 1193 3974 et
1215 3909 1353 3975 Blulme
1374 3930 1471 3991 oram
1492 3911 1628 3975 uianime
1643 3912 1820 3989 potuerunt
1849 3907 1990 3971 odinem
2012 3905 2097 3970 cadi·
2115 3926 2141 3965 u

444 4035 516 4078 cum
536 4015 636 4078 secuti
657 4019 748 4092 sunt,
776 4015 824 4078 ita
851 4015 888 4078 in
915 4019 1026 4079 nostra
1048 4015 1183 4080 editione
1204 4013 1241 4078 id
1261 4016 1481 4095 spectauimus,
1509 4020 1547 4078 nt
1570 4015 1597 4078 ii
1618 4012 1705 4078 tituli
1727 4011 1955 4090 antecederent,
1982 4010 2040 4091 qni
2061 4009 2098 4073 in

444 4117 658 4198 compluribus
680 4117 838 4182 codicibus
860 4122 942 4182 certo
964 4118 1074 4182 odino
1095 4118 1284 4184 redduntur.

551 4221 595 4285 In
620 4219 782 4285 normulis
808 4221 967 4286 codicibus
992 4221 1111 4303 sinpuli
1133 4221 1221 4285 tituli
1242 4222 1278 4284 in
1296 4219 1478 4302 particulas
1499 4219 1654 4301 quasdam
1677 4218 1922 4296 distribuuntur,
1946 4217 2000 4282 eui
2015 4239 2097 4299 par·

444 4324 551 4388 titioni
577 4329 687 4388 nostra
709 4325 988 4408 parapraploum
1010 4325 1192 4389 distributio
1214 4344 1278 4388 nou
1299 4345 1418 4405 suuper
1439 4322 1616 4404 respondet,
1645 4343 1716 4386 curu
1732 4321 1832 4403 plane
1853 4321 1897 4385 ad
1918 4342 2021 4386 meum
2042 4341 2096 4384 ar·

444 4427 574 4492 bitriunr
596 4426 705 4491 titulos
724 4429 943 4511 parapraplis
965 4428 1189 4509 disposuerim,
1219 4448 1412 4509 quanquam
1437 4446 1691 4508 nonnumquam,
1715 4426 1842 4506 priores
1871 4425 2021 4489 editiones
2047 4446 2096 4490 re-
2115 4443 2140 4483 is

442 4531 593 4612 spiciens,
621 4531 729 4595 minus
750 4537 858 4612 aptam
874 4532 1082 4613 partitionem
1104 4531 1236 4595 sonaci.
1281 4530 1393 4594 Elium
1415 4529 1552 4595 Blubrnc
1574 4531 1610 4594 in
1631 4529 1690 4594 lac
1712 4549 1746 4592 re
1768 4528 1934 4593 editionem
1955 4529 2096 4594 linden-

443 4635 640 4717 bropianam,
674 4636 782 4716 itaque
806 4634 968 4698 Titianam
995 4639 1121 4698 secutus
1149 4638 1207 4711 est,
1239 4639 1268 4698 ct
1295 4655 1367 4698 cum
1391 4633 1496 4698 Tilius
1517 4635 1726 4714 partitionem
1754 4652 1848 4696 uiam
1875 4652 1914 4697 ex
1939 4633 2098 4698 codicibus

442 4739 504 4802 Al
530 4743 560 4802 et
581 4737 644 4801 Ao
675 4738 915 4819 deprompserit,
951 4739 1074 4818 priores
1107 4738 1258 4803 editiones
1294 4759 1365 4802 cuni
1398 4738 1449 4802 bis
1483 4738 1640 4803 codicibus
1673 4737 1887 4813 coiseutiunt,
1921 4737 1986 4800 uisi
2014 4738 2099 4820 quod

442 4843 569 4908 nunioi
590 4841 679 4906 nulla
700 4843 737 4907 in
759 4843 861 4908 codice
883 4844 999 4908 adiecti
1020 4849 1104 4907 sunt

553 4953 649 5019 Duae
664 4955 838 5036 praecipue
859 4976 910 5020 res
932 4954 1141 5020 observandae
1161 4960 1256 5018 suut:
2114 4973 2141 5012 ic

550 5065 659 5147 Supra
692 5066 908 5147 eipoocimus,
947 5066 1098 5147 quosdam
1132 5066 1252 5131 codices
1288 5067 1324 5130 in
1352 5068 1416 5147 firee
1447 5065 1522 5130 libri
1549 5067 1809 5130 corstitutionum
1842 5067 1926 5148 (pot
1957 5066 2004 5132 tit.
2029 5067 2096 5148 88),

442 5169 512 5234 eius
532 5168 628 5251 quasi
643 5173 779 5248 parton,
807 5166 979 5232 nonnulas
1001 5168 1158 5233 continere
1181 5169 1426 5245 constitutiones,
1449 5189 1531 5250 quae
1553 5169 1724 5233 secundnm
1746 5175 1888 5234 nostram
1910 5170 2096 5250 opinionem,

443 5271 552 5336 odino
575 5271 716 5335 codicum
731 5271 918 5352 optimoum
932 5270 1148 5353 approbatam,
1170 5271 1340 5336 corserulice
1355 5273 1639 5355 entracapantium
1662 5274 1769 5354 itaque
1789 5273 1885 5336 etiarn
1907 5275 1943 5337 in
1962 5273 2097 5338 editione

442 5373 543 5457 Qum
557 5373 828 5455 Bnrpundionum
849 5395 980 5438 numero
999 5375 1258 5439 corstitutionum
1273 5377 1549 5457 entraoapantium
1564 5376 1788 5442 adsoibendae
1802 5386 1912 5446 essent.
1945 5377 2098 5443 Editioue

441 5483 552 5543 nostra
578 5477 614 5540 id
635 5477 845 5541 demonstrari
871 5475 975 5555 aelim,
1003 5477 1165 5542 nonnullis
1187 5478 1345 5542 codicibus
1367 5478 1418 5559 (R
1429 5482 1552 5562 6-10)
1580 5499 1631 5543 eos
1657 5479 1780 5558 titulos,
1813 5483 1871 5564 qui
1900 5482 1948 5546 tit.
1969 5483 2019 5546 88.
2049 5502 2096 5544 se·
2114 5500 2140 5540 is

441 5585 593 5662 quantur,
616 5581 769 5646 coctinno
789 5581 1007 5646 numeratione
1028 5581 1197 5646 adiunctos
1218 5581 1325 5662 itaque
1346 5582 1461 5648 librum
1483 5584 1744 5650 constitrdionnm
1758 5589 1817 5652 105
1843 5583 2006 5650 titulorum
2030 5589 2097 5650 tra-

443 5685 547 5749 ditum
569 5705 642 5748 esse.
694 5683 775 5751 Utile
796 5690 903 5750 unum
925 5685 1004 5750 mibi
1026 5686 1128 5750 ouum
1150 5689 1204 5762 est,
1221 5686 1389 5766 prorriani
1411 5687 1647 5768 insoiptionem
1669 5688 1761 5753 titulo
1776 5691 1829 5755 89.
1851 5690 2009 5770 anteponi.

550 5786 664 5852 Pruna
691 5789 912 5854 constitutione
938 5810 976 5854 ea
997 5788 1115 5868 ferina,
1143 5809 1208 5870 qua
1230 5789 1338 5870 prinu
1361 5788 1428 5854 lata
1449 5795 1509 5868 est,
1541 5791 1699 5856 codicibus
1719 5812 1784 5857 non
1806 5792 1942 5870 tradita,
1969 5799 2098 5858 nostroe

440 5892 590 5956 editionis
603 5892 708 5973 formo
719 5892 752 5956 A
767 5892 842 5975 lepis
857 5893 1076 5958 Gundobadae
1088 5893 1246 5974 penuinue
1267 5894 1398 5958 initium
1412 5895 1576 5959 restituere
1598 5901 1746 5970 conatum
1770 5895 1885 5960 litteris
1899 5901 2005 5960 autem
2021 5898 2095 5962 ‘etc'
