4492 6638
630 561 744 620 Lases
763 560 1068 618 BURGUNDIONUM.
1090 592 1120 600 -
1140 562 1357 619 PRAEFATIO.
1781 570 1822 630 25

277 736 398 800 Nostra
424 741 530 800 6666
556 737 675 820 opinio,
710 735 878 802 Oniacium
905 737 1062 802 codicibus
1084 736 1143 800 Ac
1172 741 1203 800 et
1226 737 1288 801 As
1311 759 1406 802 mum
1428 759 1505 816 esse,
1533 759 1598 802 non
1619 737 1720 803 solnm
1742 760 1822 804 com-

164 841 294 922 paratis
320 840 509 904 editionibus
530 862 602 904 cuin
626 839 692 904 illis
714 841 885 919 codicibus,
916 842 1087 906 sedetiam
1109 863 1147 905 ea
1168 862 1202 904 re
1224 841 1455 922 canpmobatur,
1486 841 1570 922 quad
1591 842 1710 906 mdices
1732 842 1823 906 Petri

169 940 294 1006 Pi'tboei
325 948 430 1020 erant,
467 964 558 1024 quem
588 945 707 1008 socium
738 944 775 1007 in
805 945 920 1008 ederedo
952 944 1030 1008 libro
1057 944 1103 1026 (a.
1123 947 1220 1019 1566)
1246 965 1280 1008 se
1306 943 1452 1008 babuisse
1475 943 1628 1009 Ouiacius
1656 947 1723 1025 ipse
1749 967 1821 1012 ean-

169 1047 286 1127 fitetur.
326 1069 354 1111 o.
377 1045 529 1130 Saaipiip,
559 1047 693 1125 Merkel,
726 1047 879 1126 Barbam,
909 1047 1032 1129 Tardif
1051 1049 1238 1112 sententiam
1264 1069 1285 1112 a
1311 1047 1399 1111 nobis
1421 1045 1594 1126 resutamm
1616 1048 1823 1129 defenderunt

141 1151 342 1218 1066666
370 1157 400 1216 et
424 1153 461 1216 in
488 1151 623 1217 editione
643 1153 791 1234 principe
818 1158 847 1217 et
874 1155 911 1216 iu
937 1152 1071 1217 editione
1093 1153 1233 1216 secunda
1254 1151 1411 1217 codicibus
1433 1172 1497 1215 esse
1518 1172 1626 1229 issum,
1656 1153 1713 1232 qai
1734 1151 1825 1216 nobis

168 1255 286 1319 servati
306 1275 372 1319 non
392 1256 467 1318 sint.

278 1371 307 1431 3.
346 1367 390 1431 16
411 1364 585 1431 collectione
599 1366 737 1446 fontium
752 1368 836 1430 iuris
851 1366 991 1431 666661
1004 1366 1063 1430 sab
1077 1365 1186 1430 titula:
1210 1366 1482 1446 ‘Iurispradentia
1496 1371 1584 1431 aetus
1598 1367 1823 1431 anteiustinia·

168 1471 247 1547 nea’,
270 1469 424 1550 Impduni
443 1469 643 1534 Batavorum
664 1473 803 1535 61717.
826 1471 948 1547 emissa,
971 1474 1083 1533 auctor
1097 1469 1261 1532 Antonius
1275 1468 1479 1552 Schultinp
1494 1492 1530 1551 p.
1544 1472 1724 1535 827-854.
1741 1469 1823 1534 bane

169 1577 310 1637 uestram
333 1571 426 1653 lepem
440 1572 620 1637 Romanam
643 1572 797 1653 ‘Papiani
818 1572 896 1638 liber
909 1573 1134 1654 responsornm'
1156 1573 1343 1652 inscriptam
1365 1573 1472 1638 edidit.
1514 1573 1602 1655 Qiiae
1623 1573 1718 1638 editio
1741 1574 1825 1654 quad

128 1697 154 1737 ιο
170 1675 214 1739 ad
240 1676 331 1740 verba
358 1669 489 1740 attinet1
518 1697 556 1740 er
582 1677 717 1740 editione
740 1676 919 1740 Parisiensi
946 1676 1027 1740 anni
1046 1677 1135 1739 1586.
1164 1677 1314 1738 manarit.
1361 1676 1403 1740 In
1423 1677 1508 1740 notis
1529 1682 1659 1762 praeter
1680 1675 1824 1740 lectiones

169 1779 277 1844 curias
299 1778 447 1844 editionis
461 1779 624 1859 principis
650 1780 787 1861 eprepiae
815 1778 1041 1860 eiplicationes
1066 1778 1229 1842 verborum
1258 1777 1333 1860 696
1356 1779 1558 1859 praebentur.
1605 1779 1752 1861 Repetite
1779 1784 1824 1842 est

170 1883 245 1948 baec
268 1883 362 1947 editio
384 1904 414 1946 a.
431 1885 523 1948 1737.
539 1884 671 1964 Lipsiae
692 1884 729 1946 in
749 1883 880 1963 officina
896 1882 1173 1960 Weidmanniana,
1197 1888 1226 1947 et
1246 1904 1277 1947 a.
1294 1886 1385 1947 1744.
1402 1888 1534 1948 curante
1550 1883 1611 1948 Ios.
1629 1883 1823 1948 Finestresi'a

175 1984 359 2063 Cervariae;
387 1987 446 2066 cfr.
470 1986 611 2050 Barbam
632 1985 652 2053 l.
668 2008 692 2050 e.
711 2007 746 2070 p.
765 1993 802 2049 X.

278 2103 307 2162 4.
352 2097 425 2165 Una
446 2118 518 2162 cum
541 2098 686 2180 ‘Lepibus
714 2097 842 2162 novellis
861 2103 880 2160 5
902 2098 1070 2162 anecdotis'
1093 2119 1124 2160 a.
1145 2101 1236 2162 1767.
1261 2097 1381 2163 Romae
1403 2098 1561 2163 Iohannes
1579 2097 1824 2178 Obristapliorns

127 2224 152 2264 a
170 2202 404 2266 Amadatias
425 2201 519 2285 6966
540 2202 718 2267 &ozanam
733 2223 769 2283 p.
787 2205 969 2266 131-295.
992 2202 1100 2278 edidit,
1125 2202 1202 2266 ‘Lea
1225 2201 1373 2267 Ranmna
1393 2224 1450 2267 seu
1471 2221 1654 2281 responsum
1670 2201 1822 2282 Papiaui'

168 2305 433 2386 superscriptam
455 2306 491 2369 in
512 2305 674 2386 superiore
689 2309 786 2384 parte
802 2305 1000 2386 popinarum
1023 2304 1137 2388 lepitur
1159 2311 1264 2369 leatus
1286 2305 1360 2387 696
1381 2326 1398 2369 e
1420 2305 1523 2369 codice
1544 2305 1607 2369 Aa
1630 2325 1702 2369 cum
1724 2304 1822 2368 omni-

168 2409 226 2473 bus
253 2409 340 2472 uitiis
373 2413 401 2472 et
431 2408 516 2473 natis
542 2406 690 2490 siplisque
718 2409 956 2472 accuratissime
984 2409 1213 2488 transcriptus,
1246 2410 1283 2473 in
1306 2408 1410 2472 media
1433 2413 1530 2488 parte
1556 2413 1661 2472 teatus
1688 2406 1824 2490 69661)

36 2519 38 2524 '
168 2510 315 2575 editionis
342 2515 470 2574 auctare
497 2517 584 2574 ‘suae
612 2508 737 2574 lectiani
766 2511 940 2575 restitutus'
964 2511 1149 2593 praebetur,
1183 2513 1220 2576 in
1247 2511 1362 2592 infirma
1389 2512 1522 2593 deniqne
1546 2517 1642 2592 parte
1671 2511 1824 2591 cuiusque

164 2614 305 2695 popinae
337 2612 484 2694 lepuntm
515 2617 620 2690 notae,
656 2613 765 2678 variae
798 2611 941 2678 meliorus
974 2617 1039 2677 tam
1074 2614 1248 2678 editionum
1274 2615 1424 2696 priorum
1456 2635 1553 2696 quam
1586 2615 1728 2678 codicum
1755 2614 1822 2678 Aa

127 2739 154 2778 eo
170 2722 200 2781 et
222 2716 293 2780 As.
338 2715 459 2794 Editio,
483 2722 520 2781 ut
541 2717 637 2781 codea
651 2717 684 2780 A
699 2719 727 2794 2,
750 2716 860 2781 titulos
875 2720 916 2782 48
932 2717 1031 2798 babet,
1054 2719 1151 2782 iudea
1173 2718 1339 2783 titulorum
1361 2719 1444 2782 deest
1466 2719 1539 2799 (cfr.
1558 2723 1664 2782 6666
1682 2716 1824 2780 tabulam

168 2821 234 2886 eod.
251 2819 314 2883 A2
329 2843 365 2902 p.
384 2822 485 2903 XIX).
521 2819 572 2884 De
592 2821 782 2885 auctoritate
796 2826 946 2886 notarum
960 2824 1131 2888 aratmnem
1152 2822 1379 2904 applicantium
1402 2824 1459 2904 cfr.
1475 2845 1503 2888 e.
1516 2823 1656 2905 866969
1678 2820 1700 2886 l.
1711 2843 1736 2884 c.
1752 2820 1823 2897 11²,

161 2946 199 3005 p.
216 2926 272 3002 33,·
295 2923 435 2989 Barbam
457 2923 476 2988 l.
492 2945 518 2987 c.
535 2944 571 3003 p.
588 2930 739 2989 XXXIII.

277 3040 307 3099 5.
352 3037 395 3100 16
421 3041 501 3101 tomo
517 3035 564 3099 II.
588 3034 776 3100 calcationis
799 3036 899 3099 ‘Iuris
922 3035 1024 3100 civilis
1049 3037 1337 3115 anteiustiniauei’,
1359 3058 1382 3100 a
1405 3037 1547 3102 666166
1563 3038 1656 3118 Η696
1679 3036 1821 3100 61815.

169 3138 316 3204 Berolini
347 3139 462 3217 editae,
492 3162 528 3220 p.
549 3143 775 3205 1499-1541.
802 3159 824 3202 6
844 3138 1009 3203 Frideri'co
1029 3139 1175 3221 Aapusto
1194 3140 1336 3206 Biener
1363 3141 1458 3206 editio
1485 3140 1560 3222 lepis
1582 3140 1747 3204 1666666
1774 3157 1823 3200 re·

127 3261 152 3301 6
171 3247 260 3323 cepta
281 3247 341 3320 est,
369 3263 450 3324 quae
473 3245 513 3307 47
538 3241 642 3307 titulis
663 3247 785 3308 emistat
807 3247 901 3323 atque
920 3246 1047 3322 praeter
1069 3241 1212 3307 lectioms
1238 3245 1387 3309 editionis
1411 3242 1608 3310 Gumcianae
1629 3241 1822 3308 Amadutia-

168 3367 288 3428 naeqne
311 3348 406 3412 etiam
429 3345 572 3412 661666
593 3348 702 3411 6666
724 3346 840 3410 codicis
852 3346 918 3409 As
941 3345 1086 3410 continet.

277 3460 307 3525 6.
352 3460 430 3524 ‘Leic
452 3460 600 3525 166666
622 3458 901 3542 Burpundionum’
919 3461 958 3522 47
976 3457 1080 3522 titulis
1101 3463 1248 3523 constans
1269 3479 1300 3523 a.
1322 3461 1412 3524 1826.
1435 3460 1475 3524 ab
1495 3459 1641 3542 Anpusto
1656 3457 1822 3522 Finderico

169 3562 334 3628 Barbow
351 3563 626 3648 Grppliiswaldine
647 3563 733 3627 edita
755 3567 809 3626 est.
850 3562 922 3643 Qua
943 3562 1067 3626 ratione
1088 3566 1118 3626 et
1138 3583 1200 3642 quo
1222 3562 1352 3628 consilia
1373 3563 1449 3628 boec
1472 3563 1567 3652 editio
1589 3562 1749 3626 adamata
1769 3561 1821 3638 sit,

169 3666 228 3746 cfr.
244 3666 350 3746 praef.
374 3668 446 3731 edit.
466 3689 499 3748 p.
512 3674 671 3730 XXXIII.
717 3666 866 3732 766666
887 3663 1066 3730 colbetiones
1088 3665 1202 3730 editori
1221 3671 1352 3746 praesto
1378 3688 1443 3732 nan
1470 3672 1578 3744 erant,·
1607 3687 1689 3747 quae
1715 3670 1822 3729 autem

125 3791 152 3831 so
170 3768 315 3834 bectiaies
340 3770 406 3834 iam
427 3775 523 3835 antea
549 3772 586 3834 in
607 3768 697 3834 libris
718 3770 879 3850 impressis
894 3769 1042 3850 prolatae
1063 3777 1168 3848 aeret,
1200 3792 1253 3837 eas
1274 3793 1371 3854 quam
1393 3772 1628 3855 dilipentissime
1649 3772 1822 3852 composuit

170 3872 322 3955 696696
343 3875 563 3938 commentario
586 3875 703 3956 eprepio
725 3864 934 3951 illustrarit²;
967 3875 1003 3938 id
1016 3875 1220 3955 potissimum
1241 3875 1454 3940 deuioustrare
1475 3875 1641 3952 couteridi't,
1670 3875 1822 3956 equibus

168 3976 310 4058 foiilibus
329 3977 461 4057 pinnini
482 3977 565 4041 iniis
588 3977 727 4043 Rmiani
748 3977 966 4059 unusquisque
987 3977 1101 4042 titulus
1122 3978 1316 4043 artimus
1337 3979 1389 4042 sit.

277 4091 305 4152 7.
351 4087 402 4153 16
422 4088 566 4167 editione,
588 4109 685 4171 9666
705 4089 893 4153 Frideiicus
914 4087 1084 4153 Binbme
1106 4089 1143 4153 in
1164 4089 1444 4156 Monumeitaium
1465 4095 1644 4155 nostrarum
1667 4094 1747 4154 tamo
1762 4091 1824 4154 III

169 4191 215 4276 (a.
231 4197 337 4271 1862),
353 4216 388 4275 p.
406 4198 587 4260 579-624.
602 4193 805 4278 inscriptam:
834 4195 912 4259 ‘Lea
928 4194 1084 4273 Romana,
1107 4195 1196 4278 eulpa
1212 4196 1382 4277 Papianas
1404 4195 1499 4271 dicta,
1525 4193 1718 4258 Gundebadi
1739 4194 1821 4275 repis

124 4319 150 4360 6
168 4297 261 4361 iussu
282 4299 459 4382 composita’
481 4298 585 4364 titulis
597 4301 637 4364 47
658 4299 766 4378 edidit,
794 4300 861 4383 ipse
883 4298 935 4363 ille
957 4299 1107 4364 disseruit
1129 4301 1166 4364 in
1179 4300 1287 4380 praef.
1305 4321 1341 4381 p.
1358 4301 1431 4363 594.
1476 4297 1616 4378 Eacepito
1638 4297 1741 4362 codice
1755 4298 1821 4362 Aa

167 4399 386 4466 eadatiaiibus
407 4408 518 4468 auctm
539 4403 657 4467 nititur
677 4402 725 4467 vel
744 4404 871 4468 omnino
894 4408 970 4467 turia
986 4403 1130 4487 pmmum
1157 4403 1204 4468 vel
1225 4405 1326 4469 deuna
1348 4402 1388 4466 ab
1410 4403 1479 4483 ipse
1500 4399 1608 4480 factis,
1635 4399 1820 4465 66666166-

167 4526 227 4585 oue
253 4505 449 4570 coenaturus
468 4505 615 4586 praebet,
643 4526 782 4588 quarum
807 4526 1001 4588 queriquam
1024 4505 1187 4587 plurimae
1216 4513 1296 4572 recte
1325 4527 1390 4571 sese
1418 4505 1530 4569 babere
1556 4505 1712 4582 ridentur,
1741 4525 1819 4569 rion-

167 4607 275 4673 millas
298 4609 436 4690 probare
462 4629 527 4674 non
547 4629 695 4690 passum;
728 4609 932 4674 adnotatione
961 4609 1074 4674 aitica
1101 4630 1198 4690 qnam
1225 4615 1337 4675 vocant
1362 4609 1506 4674 lectiones
1533 4609 1642 4672 variae
1670 4608 1819 4686 codicum,

167 4713 252 4776 notis
272 4711 375 4792 fanus
396 4711 536 4778 Rormani
558 4711 641 4795 696,
662 4711 804 4778 Barbam
826 4719 962 4791 auctore,
985 4713 1178 4793 afferuntur.

124 4848 151 4886 a
275 4825 305 4889 8.
332 4823 445 4889 ane
460 4825 497 4888 iu
508 4824 671 4889 ‘Fontium
685 4845 793 4889 rerum
804 4824 1026 4891 Bernmsium’
1042 4825 1155 4892 6661
1168 4825 1214 4910 (a.
1231 4825 1336 4904 1880),
1353 4845 1388 4905 p.
1406 4827 1584 4889 135-152.
1599 4824 1714 4889 amissa
1727 4823 1820 4888 verba

166 4927 314 4992 editionis
336 4948 358 4990 a
379 4926 542 4992 Blnlime
563 4933 694 4992 curatae
715 4928 828 4993 reddit.

274 5030 420 5113 Denique
448 5031 666 5109 admonerem,
695 5030 852 5114 Ampelum
874 5032 1005 5098 Maium
1030 5032 1221 5114 frapmenta,
1252 5053 1333 5114 quae
1360 5034 1486 5096 seruata
1516 5030 1583 5094 sint
1609 5030 1725 5095 codic-is
1744 5031 1776 5094 A
1791 5034 1818 5108 1,

167 5133 276 5199 titulos
292 5137 418 5201 28-36
441 5140 552 5217 (nostr.
569 5135 632 5218 ed.)
653 5135 848 5200 continentia
869 5136 906 5200 iu
927 5136 1027 5200 ‘Iuris
1041 5135 1181 5200 Romam
1194 5135 1458 5200 anteimtinianei
1471 5134 1676 5215 srapmeiitis',
1700 5134 1819 5198 Romae

167 5243 196 5303 et
210 5238 357 5304 Berolini
371 5241 461 5304 1823.
478 5244 507 5303 et
521 5241 612 5318 1824,
627 5260 663 5320 p.
682 5241 858 5316 164-108,
881 5243 910 5303 et
931 5240 968 5304 in
987 5239 1194 5320 ‘Scriptorum
1207 5243 1344 5303 aeterum
1358 5237 1541 5303 collectione’
1564 5243 1635 5302 tom.
1647 5238 1676 5316 I,
1700 5238 1819 5303 Romae

122 5361 148 5401 a
171 5345 263 5409 1825.
286 5349 316 5408 et
334 5345 429 5422 1831,
455 5348 544 5424 part.
559 5342 622 5422 IV,
648 5365 683 5428 p.
700 5345 820 5421 81181,
848 5343 997 5422 edidisse,
1024 5343 1083 5424 cfr.
1106 5343 1247 5408 Barkaia
1268 5342 1329 5407 lc.
1347 5362 1383 5422 p.
1401 5347 1494 5420 XXI,·
1523 5341 1634 5405 deinde
1655 5340 1820 5405 Antonius

272 5532 299 5598 1)
318 5531 355 5584 Iu
371 5531 538 5599 mactamus
555 5531 619 5587 baec
636 5531 723 5586 actori
740 5537 836 5586 aucta
854 5531 930 5586 dicit:
950 5547 1036 5585 6666
1052 5535 1226 5586 amanum
1242 5529 1360 5586 aditum
1373 5529 1542 5601 praesidium
1559 5528 1584 5582 si
1600 5527 1666 5581 mibi
1681 5525 1820 5593 adfuisset,

166 5634 1533 5707 nmdubita,qnmuanuudoindeouoouepomiiuntprotiai,pmemranmeammnaan.
1637 5633 1665 5701 2)
1685 5629 1819 5700 Spiritum

166 5737 289 5792 ditionis
313 5755 332 5792 a
354 5737 472 5792 Barkaia
499 5739 697 5796 6661817.
725 5739 826 5796 eddim
849 5741 957 5810 popinis
975 5742 1007 5795 16
1033 5739 1165 5794 inuitum
1188 5737 1226 5792 ad
1245 5739 1362 5792 66666
1383 5743 1408 5792 ct
1427 5736 1549 5808 primum
1571 5741 1651 5804 6196
1672 5735 1819 5791 mendum

165 5841 274 5896 tdulum
291 5841 352 5910 lepis
370 5841 510 5896 Romanae
526 5841 607 5898 babet.

268 5941 321 5992 II..
339 5941 405 5994 sset.
415 5938 439 5992 1.
451 5941 486 5993 n.
1596 5935 1614 5990 4
