4492 6638
648 550 757 606 asans
777 552 1084 610 BURGUNDIONUM.
1104 587 1136 594 -
1156 556 1372 613 Pnnsnnrlo.
1798 565 1836 626 13

102 788 104 792 ,
183 725 327 784 (erectores
349 719 424 810 lepis
446 723 499 787 ius
520 727 605 806 quod
625 732 702 790 tunc
723 729 812 808 apud
833 749 882 792 eos
903 735 1012 793 ratum
1034 736 1114 808 erat,
1145 730 1181 793 id
1201 730 1320 794 estius
1343 731 1525 797 Romanem
1545 731 1685 813 mdpare,
1708 734 1838 798 reddere

182 821 325 888 reiecisse.
370 825 407 890 Si
427 826 485 891 boe
506 829 700 909 respicimus,
724 829 773 894 lea
796 831 944 896 Ronmna
966 834 1073 915 moeni
1091 839 1139 896 'est
1161 833 1369 898 aestimanda.

291 927 407 992 Iamsi
421 932 613 1010 qemmimus,
630 953 691 1012 qno
707 937 840 1014 tempore
856 933 905 998 lea
921 934 1069 1000 Rornana
1084 937 1261 1016 conscripta
1276 938 1327 1014 sit,
1343 957 1412 1001 eam
1425 938 1513 1002 band
1524 939 1621 1002 mmm
1631 945 1705 1020 post
1721 939 1835 1004 librum

184 1032 442 1097 constitutionum
455 1041 595 1100 exortam
607 1057 672 1100 esse
683 1038 837 1117 capnima
848 1040 1070 1104 constitutione
1081 1041 1184 1120 ipsius
1195 1036 1542 1106 tibri'constitutionum
1553 1042 1702 1123 efficitur.
1727 1044 1836 1125 Neque

152 1136 266 1204 senim
288 1141 342 1213 est,
368 1137 453 1218 quod
477 1139 710 1204 (iumtobadnm
726 1145 878 1222 putem
900 1148 1057 1208 moratum
1077 1165 1142 1207 esse
1164 1145 1199 1207 in
1220 1165 1318 1224 opere,
1338 1146 1422 1226 quod
1436 1146 1547 1226 prima
1562 1147 1599 1209 in
1613 1149 1835 1212 constitutione

179 1239 378 1320 promiserat,
401 1243 616 1322 componendo.
651 1243 762 1325 Lepem
780 1245 967 1322 Remmiam,
991 1247 1116 1310 etiamsi
1129 1246 1242 1326 paullo
1256 1249 1361 1312 minor
1380 1250 1423 1312 sit
1438 1255 1540 1314 aetate
1547 1252 1658 1331 priore
1673 1250 1751 1314 libro
1764 1271 1836 1316 con-

182 1343 398 1422 stitutionum,
416 1351 547 1409 caeemtc
569 1345 603 1409 V.
626 1347 750 1411 sacerdo
772 1349 981 1429 emiseriprtam
1004 1371 1068 1414 esse
1090 1351 1302 1414 eaistimemns
1323 1373 1443 1416 measse
1465 1346 1539 1416 est¹.
1587 1354 1651 1435 Qui
1671 1352 1837 1433 scriptores

182 1451 288 1510 autem
301 1449 443 1528 pmmam
463 1450 714 1514 corstitutionum
734 1472 819 1515 anno
836 1456 908 1516 502.
925 1459 984 1516 aut
1000 1475 1086 1517 anno
1102 1459 1173 1518 517.
1198 1456 1407 1536 emiseriptam
1422 1457 1524 1534 aiunt,
1549 1457 1642 1539 lepem
1658 1456 1836 1521 Romanam

178 1555 252 1634 post
272 1571 395 1616 annum
410 1555 482 1617 502.
504 1559 534 1617 et
555 1560 630 1617 mite
652 1575 774 1619 (ennena
791 1559 863 1620 506.
883 1555 1046 1638 (Gasani),
1072 1563 1131 1620 aut
1150 1564 1222 1640 post
1243 1579 1365 1624 annum
1381 1563 1454 1624 502.
1477 1567 1506 1624 et
1528 1565 1602 1624 ante
1624 1579 1746 1624 annum
1761 1564 1835 1625 517.

142 1689 165 1728 10
183 1653 336 1733 (Binbme
357 1661 386 1718 et
412 1655 551 1740 Tardif),
575 1663 633 1721 aut
655 1660 788 1740 denique
805 1665 879 1740 past
901 1683 1023 1725 anrnun
1045 1665 1116 1724 517.
1141 1660 1259 1725 editam
1281 1684 1345 1726 csse
1367 1663 1535 1742 affimnant
1560 1667 1601 1742 (a.
1627 1664 1790 1746 Sampny).

291 1767 419 1831 Mirum
442 1770 477 1832 in
498 1770 623 1834 modum
647 1770 770 1836 Bacncl
791 1771 909 1854 aliique
929 1774 1064 1853 probare
1085 1775 1225 1851 student,
1254 1773 1347 1857 lencm
1371 1776 1562 1854 Romanam,
1588 1777 1617 1839 si
1640 1777 1683 1840 ad
1705 1783 1834 1856 tempus,

181 1890 242 1950 quo
265 1871 351 1934 edita
373 1873 424 1948 sit,
447 1873 663 1953 respiciamus,
683 1878 897 1958 posteriorum
920 1879 950 1940 si
968 1879 1012 1940 ad
1031 1883 1161 1958 ternpus,
1184 1901 1245 1959 qua
1261 1881 1505 1960 conscripsisse,
1523 1881 1664 1959 priorem
1680 1901 1743 1944 esse
1757 1879 1835 1944 libro

183 1974 455 2054 constitutionum,
486 1978 579 2041 euius
606 1980 752 2042 mebricas
779 1979 943 2044 titulorum
969 2003 1008 2044 ea
1035 1981 1096 2062 lepe
1121 1982 1267 2046 Ilornana
1296 1983 1495 2064 dmumnptas
1517 2005 1581 2046 esse
1602 1983 1721 2047 dicunt.
1767 1982 1835 2046 Hoc

183 2077 283 2140 terimi
304 2077 392 2142 nullo
408 2085 506 2160 pacto
523 2102 615 2162 pesse
638 2105 675 2146 ea
696 2106 731 2146 re
749 2084 912 2166 probatur,
936 2086 1020 2164 quod
1034 2077 1185 2150 rubricae
1195 2086 1360 2150 titnlomem
1375 2086 1449 2168 bepis
1465 2087 1636 2163 menzanae,
1658 2088 1687 2149 si
1703 2108 1741 2150 ee
1756 2085 1834 2150 libra

140 2217 163 2256 a
181 2181 442 2247 emendationum
458 2185 608 2265 oripinem
625 2207 689 2250 non
703 2186 861 2263 ducerent,
882 2187 927 2248 eis
943 2188 1041 2268 ipitnr
1056 2209 1120 2251 non
1129 2189 1319 2267 posteriores
1334 2194 1443 2264 essent,
1466 2211 1505 2252 ea
1518 2188 1660 2268 fontibus
1675 2189 1759 2252 iuris
1769 2189 1834 2254 Ra·

182 2285 271 2347 mani
292 2285 473 2366 desumptae
495 2293 603 2352 essent.
640 2285 797 2370 Qumriam
818 2312 888 2354 rere
910 2292 1055 2354 rubricae
1070 2292 1234 2355 titulorum
1250 2291 1325 2372 loeis
1342 2290 1505 2355 &neonae
1512 2294 1687 2372 praecipue
1702 2313 1740 2356 ee
1755 2291 1833 2356 libra

181 2391 441 2456 corstitutionum
456 2393 655 2472 elenempmc
669 2399 754 2470 sant,
778 2400 921 2458 erectores
936 2395 1010 2476 lepis
1024 2400 1075 2458 sat
1084 2397 1202 2475 parteis
1216 2397 1361 2472 rulnieis,
1385 2417 1426 2461 sc.
1443 2416 1551 2460 eorum
1566 2395 1740 2473 titulorum,
1756 2417 1833 2478 quo·

184 2516 255 2559 rum
278 2494 452 2575 eaemplum
476 2495 508 2558 in
531 2494 610 2560 libra
632 2498 890 2562 constitutionum
913 2497 1037 2562 necllum
1059 2506 1136 2576 mat,
1158 2499 1260 2579 fontes
1282 2500 1366 2563 iuris
1383 2499 1521 2563 Romani
1542 2500 1631 2580 sequi
1649 2505 1833 2582 proiecerunt.

185 2600 257 2680 Qua
279 2620 313 2662 re
335 2598 428 2679 lcpem
452 2598 631 2664 Rauennam
648 2602 851 2684 posteriorem
873 2625 938 2666 esse
959 2608 1062 2666 aetate
1084 2602 1161 2670 libro
1183 2604 1443 2666 corstitutionum
1465 2604 1708 2668 demonstratur.

138 2746 164 2786 ρο
288 2711 370 2792 Lepe
393 2710 539 2776 &mana
560 2711 790 2794 Visipetbmum
812 2735 897 2778 cinno
913 2719 986 2780 506.
1010 2715 1049 2778 ab
1066 2713 1197 2777 Alarico
1215 2714 1261 2776 II.
1285 2715 1370 2778 edita
1393 2715 1479 2778 rara
1502 2714 1640 2778 borreiuas
1655 2715 1739 2779 docti
1757 2721 1833 2778 sunt

179 2817 233 2879 usi
260 2815 304 2878 ad
325 2816 553 2896 eeqrrirerulum
580 2822 716 2897 tempus,
746 2840 806 2898 quo
834 2817 883 2881 lec
905 2817 1052 2882 Romana
1075 2817 1344 2898 Burpeendmnnm
1375 2819 1552 2898 emiseripta
1578 2820 1629 2882 sit.
1676 2817 1833 2882 Nonnedli

180 2919 272 3001 lenem
285 2920 463 2985 Romanam
478 2921 749 3003 Bnrpnndimmm
765 2925 916 2988 urinarum
930 2945 994 2986 esse
1005 2928 1108 2986 aeram
1124 2923 1185 3003 leae
1201 2924 1344 2987 nomem
1364 2921 1592 3004 Visipotberum
1608 2922 1833 3003 aftirnmrunt;

180 3023 254 3088 inde
276 3025 360 3088 enim
381 3025 466 3106 quod
491 3027 764 3106 interpretationes
791 3026 866 3108 lepis
892 3027 1055 3092 Ronmuae
1085 3027 1314 3109 Visipatboram
1342 3027 1507 3107 manipiista
1535 3025 1734 3090 cobrcererent
1761 3047 1831 3090 cnm

180 3126 451 3210 Burpundionnm
473 3128 534 3210 leae
558 3130 704 3193 Rmnarm
731 3131 766 3193 id
793 3130 878 3210 effici
899 3136 1074 3211 ymarum,
1105 3131 1202 3194 buius
1223 3129 1298 3210 lepis
1320 3135 1463 3195 auctores
1485 3128 1546 3209 leae
1575 3130 1719 3194 Roriam
1749 3128 1831 3193 Visi-

138 3231 344 3314 inpetitorum
372 3253 447 3297 usas
473 3255 545 3296 esse.
591 3233 662 3297 Alii
684 3239 795 3296 emit-ra
817 3233 911 3314 lepem
934 3235 1113 3298 Romanam
1133 3234 1362 3315 Visipotborum
1385 3257 1423 3296 en
1444 3234 1504 3297 boc
1526 3233 1588 3314 lepc
1609 3233 1831 3314 danornptam,

180 3337 288 3418 itaque
309 3341 412 3401 aetate
434 3338 585 3401 minorem
607 3358 670 3400 esse
693 3339 966 3417 emetirmaoernnt.
1004 3339 1091 3420 Qruec
1114 3339 1286 3402 intercedat
1307 3338 1390 3402 ratio
1413 3339 1496 3402 inter
1511 3337 1570 3400 bris
1590 3335 1676 3417 bipes,
1700 3335 1833 3416 intellipi

173 3444 285 3518 potest,
308 3440 338 3503 si
359 3441 603 3517 consideramus,
627 3441 925 3520 interpretationum
947 3441 1022 3522 lepis
1038 3442 1201 3506 Ronmnae
1221 3441 1452 3522 Visipotborum
1474 3446 1617 3504 arcatores
1637 3439 1719 3502 bane
1739 3438 1830 3518 lenem

178 3563 244 3606 nore
270 3543 447 3608 carrdidissc
476 3542 522 3606 uel
550 3541 824 3625 conplutirmvisse,
855 3545 962 3625 itaque
989 3567 1173 3609 camanum
1199 3566 1236 3606 ac
1259 3565 1448 3620 connexam,
1475 3545 1532 3624 qui
1558 3544 1641 3606 inter
1668 3542 1727 3605 bas
1756 3541 1833 3624 lepes

180 3647 231 3722 sit,
255 3666 289 3710 co
311 3646 474 3728 explicari,
496 3648 581 3728 quod
603 3648 770 3728 utriusque
792 3647 867 3728 lepis
887 3654 1032 3712 auctores
1053 3670 1091 3712 coe
1113 3649 1214 3712 eodem
1237 3647 1322 3727 ferde
1344 3647 1519 3711 hauserint.

138 3785 163 3823 se
289 3759 400 3840 chem
423 3759 603 3824 Bonuinam
625 3761 741 3823 iterum
763 3779 801 3821 ar:
823 3760 951 3839 serapias
972 3765 1143 3823 tractatam
1166 3781 1242 3835 esse,
1273 3759 1307 3822 id
1328 3759 1412 3839 quod
1430 3758 1624 3823 Ginordbiac
1642 3763 1755 3842 pmtat,
1778 3759 1832 3822 rice

180 3864 280 3927 teneri
295 3869 407 3944 potest,
430 3864 460 3926 si
481 3864 667 3946 respicimus
689 3863 786 3926 totiens
808 3862 883 3944 lepis
905 3864 1031 3927 oninino
1047 3885 1161 3944 parem
1182 3863 1318 3943 forratam
1340 3883 1404 3925 esse
1419 3863 1581 3925 traditam.
1618 3862 1724 3942 Atque
1737 3863 1832 3926 etiam

180 3969 368 4045 auctoritas,
394 3989 491 4048 quam
514 3968 625 4031 babuit
647 3969 699 4030 ins
721 3967 901 4032 Rorrmnrnn
923 3968 1012 4048 apud
1033 3989 1137 4032 oeneus
1160 3968 1247 4048 requi
1270 3966 1474 4048 lircrqeendiei
1495 3988 1594 4048 repes,
1618 3966 1710 4048 lcpem
1732 3987 1832 4047 neque

180 4073 308 4152 sapius
329 4077 534 4136 retractatam
556 4093 654 4152 neque
675 4072 715 4135 ab
738 4072 788 4148 iis,
810 4072 867 4151 qui
885 4070 1120 4136 Gremlobmlnm
1141 4072 1240 4135 secuti
1261 4071 1336 4148 sint,
1360 4069 1508 4134 abolitam
1530 4091 1595 4133 esse
1617 4069 1760 4134 candit.

275 4179 350 4249 'seo
375 4190 506 4265 praeter
534 4183 626 4264 tupem
659 4183 855 4260 mmmm,
884 4185 977 4248 cuias
1006 4185 1182 4247 aactmitas
1208 4203 1272 4246 non
1299 4183 1424 4263 infinite
1450 4181 1585 4259 releba,
1614 4183 1710 4246 etiam
1731 4182 1833 4263 fontes

137 4311 161 4348 ss
180 4289 264 4354 iuris
287 4289 427 4354 Ranani
448 4291 514 4352 rati
535 4293 636 4366 crant,
659 4289 743 4352 inter
763 4310 841 4369 prees
852 4290 1036 4372 procedente
1051 4295 1184 4369 tempore
1206 4286 1256 4351 lea
1273 4287 1421 4351 &mana
1444 4285 1673 4366 Visipotborum
1687 4286 1832 4366 primam

181 4392 281 4457 locum
303 4393 447 4460 obtinuit.
495 4393 565 4474 Qua
588 4414 621 4456 re
643 4413 706 4456 non
727 4391 828 4456 solium
854 4392 889 4454 id
914 4391 1100 4475 applicatur,
1130 4393 1213 4472 qemd
1235 4391 1294 4454 trae
1316 4391 1399 4454 duae
1421 4389 1498 4470 lepos
1520 4390 1556 4452 in
1578 4388 1735 4452 codicibus
1756 4394 1832 4452 sunt

180 4497 374 4574 coniunctae,
397 4497 562 4560 sedetiam
576 4517 664 4560 errm
678 4495 730 4559 itte
744 4497 937 4572 mter-rimus,
960 4517 1021 4576 quo
1036 4495 1112 4559 baec
1128 4494 1177 4558 lca
1193 4494 1346 4575 ‘Papiani
1366 4492 1450 4556 liber’
1471 4491 1660 4574 appellatur,
1681 4493 1833 4573 quomodo

179 4601 342 4681 irrepserit
375 4599 570 4682 intellipitur.
622 4601 664 4663 Iu
694 4600 757 4680 fine
789 4600 872 4663 enim
899 4598 974 4680 lepis
1003 4598 1167 4663 Rauennae
1198 4598 1429 4681 Wsipotbomrn
1451 4617 1560 4679 pauca
1587 4596 1679 4659 acrba
1707 4594 1831 4660 tibriI.

179 4725 399 4787 respomornm
413 4705 593 4786 Papiniani
608 4705 755 4787 mquidem·
769 4703 952 4768 buiusmedi
969 4703 1140 4782 inscripta:
1169 4703 1290 4788 Incipit
1313 4701 1484 4787 Papiniani
1509 4698 1676 4785 (Pupieni)
1699 4698 1783 4762 liber
1805 4699 1832 4764 I.

144 4829 171 4868 a
180 4828 419 4893 responsorum.
461 4808 541 4874 Cum
555 4815 661 4873 autom
676 4808 752 4871 baec
764 4808 857 4871 verba
871 4829 933 4887 pro
955 4808 1164 4887 inseriptimre
1179 4805 1254 4888 lepis
1268 4805 1433 4871 Romanae
1449 4803 1730 4883 Burpundionunu
1752 4824 1833 4883 quae

179 4912 229 4976 lere
251 4933 288 4976 ea
309 4914 466 4994 sequitur,
489 4913 692 4989 haberentur,
717 4911 803 4992 falsa
829 4909 1000 4994 appellatio
1027 4911 1101 4974 libri
1124 4910 1267 4991 Papiani
1294 4915 1363 4974 arta
1385 4915 1440 4973 est.
1486 4907 1574 4972 Num
1601 4926 1689 4970 error
1710 4905 1834 4988 lonpius

179 5017 218 5080 ab
240 5016 305 5079 IX.
337 5015 461 5081 sacculo
490 5017 675 5096 repetendus
706 5017 761 5093 sit,
796 5017 889 5080 euius
917 5013 1036 5078 sacculi
1064 5014 1183 5078 codices
1211 5014 1423 5093 umnuscripti
1449 5033 1520 5076 enen
1547 5011 1672 5086 babent,
1703 5008 1832 5090 diffieil-

180 5119 290 5185 limum
312 5127 357 5184 cst
378 5121 514 5201 copnitn.
560 5119 629 5183 Hoc
651 5119 777 5199 anuum
798 5124 917 5182 certum
939 5123 993 5193 est,
1016 5138 1113 5198 quam
1132 5117 1314 5181 cautissime
1328 5116 1484 5198 aperrdnm
1502 5135 1566 5178 esse
1587 5115 1622 5178 in
1636 5113 1834 5197 erplicandis'

178 5225 297 5289 nerbis:
327 5225 382 5289 lex
405 5224 559 5310 Papiam,
589 5223 725 5309 Papinni
749 5222 846 5302 liber,
875 5242 957 5302 quae
978 5220 1203 5302 appellationes
1231 5221 1266 5283 in
1289 5219 1496 5294 mammete,
1526 5217 1655 5298 lepibrn,
1683 5213 1834 5298 catalapis

137 5349 161 5387 a
180 5328 331 5394 librorum
354 5327 443 5394 VIII.
467 5327 515 5392 oet
536 5327 598 5392 IX.
623 5326 742 5392 succedi
764 5316 967 5391 eccumunt‘2.

284 5536 309 5601 1)
330 5533 393 5587 Non
411 5537 498 5600 pam
519 5533 550 5585 in
567 5531 782 5600 disceptationem
803 5530 891 5584 iocari
913 5529 1044 5584 terminas
1064 5546 1083 5581 a
1099 5545 1163 5597 quo,
1186 5528 1234 5597 qni
1252 5529 1399 5596 praebetur
1417 5528 1456 5584 tit.
1469 5529 1516 5594 465
1539 5527 1588 5595 qui
1604 5526 1698 5580 titidus
1715 5523 1753 5578 acl
1769 5541 1832 5578 con-

178 5638 337 5692 stitutionem
355 5635 587 5692 amilcarem.
678 5636 707 5704 2)
726 5635 863 5701 liranum
880 5635 897 5687 l.
910 5649 931 5689 c:
946 5651 975 5702 p.
989 5633 1049 5698 357,
1067 5638 1121 5688 na.
1138 5634 1177 5700 15,
1195 5631 1269 5686 verbo
1289 5631 1414 5702 Pupieni,
1433 5631 1507 5700 meod
1525 5631 1617 5699 leptim
1634 5629 1665 5682 in
1682 5628 1834 5682 dacirrncnta

179 5743 248 5794 areni
259 5743 318 5795 804.
333 5741 428 5811 Beycr,
444 5719 1048 5795 Urmmnmumdermineeminffleminm
1062 5737 1086 5805 1,
1101 5755 1131 5806 p.
1141 5737 1184 5805 m,
1203 5737 1285 5800 niz
1304 5737 1363 5805 (cfr.
1377 5753 1398 5790 r.
1411 5735 1537 5804 Seiipny,
1556 5735 1571 5788 t.
1584 5750 1606 5789 c.
1621 5733 1679 5800 11¹,
1695 5749 1725 5801 p.
1737 5734 1791 5799 29),
1810 5736 1834 5784 et

179 5845 290 5899 Zernncr
305 5845 387 5898 rerbis
403 5845 465 5915 lege
478 5843 595 5913 Papinni
609 5845 672 5913 lepis
684 5843 762 5898 Rom.
774 5841 912 5896 Ocinarus
925 5842 947 5908 1,
958 5841 984 5907 4,
1003 5839 1064 5893 LL.
1073 5839 1103 5904 V,
1121 5857 1148 5908 p.
1162 5839 1221 5906 307,
1242 5843 1296 5893 not.
1310 5841 1334 5904 4,
1354 5838 1428 5908 lcpcm
1443 5837 1596 5892 Romanam
1609 5835 1834 5905 stupendiennm
