4492 6638
653 572 768 629 LEGES
788 574 1095 630 BURGUNDIONUM.
1114 607 1148 616 -
1167 576 1381 632 PRAEFATIO.
1823 585 1841 644 5

184 751 296 826 partes
318 745 418 827 lpum
432 745 711 827 Burpundionum,
734 747 798 811 sioe
813 746 889 812 liber
903 751 1170 828 corstitutionum,
1193 751 1257 814 sive
1279 749 1328 814 lea
1343 751 1500 829 Romana
1522 753 1586 816 sive
1607 751 1751 834 sinpulae
1770 772 1841 816 eon·

190 849 371 913 stitutionis
393 850 587 929 conscriptae
609 850 682 913 sint.

298 952 369 1033 Ipsi
383 952 654 1034 Burpundronum
675 974 759 1035 repes
779 956 923 1035 sinpubis
941 956 1019 1038 lepos
1036 956 1191 1020 notabant
1208 957 1309 1020 verbis
1330 958 1582 1034 ‘corstitutionis
1599 960 1842 1039 praeceptionis,

191 1054 294 1132 edicti,
317 1055 545 1134 instructionis,
569 1056 643 1138 lepis
663 1058 805 1138 formae’;
835 1079 934 1138 neque
956 1059 1087 1124 dubium
1109 1081 1173 1122 esse
1189 1065 1302 1140 potest,
1325 1061 1404 1141 quin
1426 1067 1455 1124 et
1477 1061 1513 1124 in
1534 1061 1594 1125 trac
1616 1083 1650 1125 re
1672 1067 1701 1126 et
1722 1063 1759 1126 in
1781 1068 1843 1127 toto

161 1179 299 1240 ,penore
325 1159 469 1242 sinpulas
496 1160 573 1243 lepes
599 1163 813 1227 conscriberuli
839 1183 924 1244 repes
946 1163 1217 1245 Burpnndr'onnm
1240 1162 1413 1246 eremplum
1435 1166 1662 1244 imperatorum
1685 1165 1844 1230 Rornano-

191 1282 264 1325 rum
286 1263 405 1326 imitati
427 1265 500 1327 sint.
539 1265 581 1328 Id
602 1267 638 1330 in
660 1265 739 1347 lepes
755 1267 958 1346 potissimum
973 1265 1170 1348 Sipismundi
1192 1269 1275 1348 repis
1296 1273 1326 1330 et
1347 1269 1532 1332 recentiores
1554 1267 1632 1348 lepos
1651 1267 1844 1333 Gundebadi

192 1367 274 1446 repis
295 1367 398 1444 cadit,·
426 1389 488 1449 quo
509 1369 581 1432 iure
602 1370 683 1434 idem
706 1370 744 1434 cle
765 1391 887 1451 repam,
915 1371 971 1451 qui
992 1376 1239 1448 antecesserunt,
1267 1370 1384 1454 lepibus
1406 1371 1471 1434 dici
1493 1372 1610 1449 debeat,
1634 1393 1706 1436 cum
1727 1373 1846 1437 codices

192 1490 257 1534 non
284 1471 399 1552 intepri
426 1473 543 1535 seruati
568 1473 648 1550 sint,
680 1475 751 1537 erui
777 1474 843 1536 iam
869 1494 934 1538 non
953 1479 1067 1556 potest.
1113 1475 1248 1539 Nomine
1277 1495 1338 1555 arco
1370 1480 1466 1538 totam
1495 1477 1755 1541 cmstitntionnm
1784 1475 1844 1541 col

194 1571 354 1638 lectionem
387 1575 677 1655 comprehenderent
712 1578 746 1640 in
771 1578 1003 1657 posterioribus
1032 1579 1323 1656 constitutionibus,
1359 1579 1474 1658 quibus
1507 1577 1713 1643 collectionem
1740 1580 1844 1660 ipsam

151 1711 175 1748 ω
192 1673 382 1756 respiciunt,
411 1679 465 1740 usi
490 1699 554 1742 non
579 1685 672 1756 sunt;
700 1681 756 1743 scd
776 1681 820 1744 ad
836 1681 961 1760 peiores
983 1682 1120 1745 eiusdem
1143 1680 1331 1744 collectionis
1353 1680 1432 1761 lepes
1454 1681 1530 1744 aliis
1552 1681 1627 1745 locis
1649 1682 1725 1746 aliis
1746 1683 1847 1746 verbis

193 1781 371 1859 remittunt,
398 1779 507 1861 quales
534 1787 627 1845 sunt:
659 1783 921 1862 praecedentium
947 1785 1207 1848 constitutionum
1229 1784 1318 1861 ordo,
1348 1783 1426 1865 lepos
1447 1790 1586 1862 nostrae,
1616 1785 1694 1867 lepes
1709 1787 1846 1866 priores,

188 1884 447 1980 praecedentium
469 1883 570 1966 lepmn
591 1891 723 1964 statuta,
747 1885 796 1950 uu
817 1888 946 1950 nostra'.

360 2093 379 2169 ξ
404 2095 432 2155 2.
466 2093 587 2156 Liber
614 2094 941 2157 constitutionum
968 2099 1002 2157 et
1028 2095 1331 2176 constitutiones
1358 2099 1677 2176 eatraoapantes.

302 2211 391 2275 Num
405 2211 655 2294 Burpundiones
676 2215 742 2277 iam
764 2219 837 2277 ante
859 2214 946 2277 sedes
968 2215 1003 2278 in
1022 2214 1220 2278 Sabaudiam
1243 2214 1419 2278 translatas
1440 2235 1526 2279 anno
1542 2218 1614 2280 443.
1638 2217 1710 2279 iure
1731 2215 1847 2297 scripto

152 2351 176 2389 15
194 2315 248 2378 nsi
262 2315 335 2391 sint,
358 2335 551 2397 quamquam
565 2337 630 2380 non
644 2317 692 2380 ita
706 2317 883 2381 diiudicari
891 2323 1004 2397 potest,
1021 2323 1057 2381 ut
1071 2318 1171 2381 omnis
1186 2317 1341 2382 dubitatio
1357 2317 1496 2396 tollatur,
1513 2325 1626 2397 tamen,
1641 2324 1677 2383 ut
1692 2337 1845 2400 nepemus,

195 2417 358 2483 nonnullis
385 2419 477 2484 rebus
503 2421 703 2484 adducimur.
748 2420 889 2484 Etiamsi
917 2423 1000 2486 enim
1029 2421 1200 2485 nonnullae
1228 2421 1306 2502 lepos
1337 2426 1367 2484 et
1392 2421 1497 2502 torma
1524 2428 1552 2486 et
1573 2426 1757 2504 arpumento
1778 2441 1846 2500 spe-

59 2521 66 2530 '
196 2523 272 2586 ciem
304 2523 480 2603 praebeant
518 2525 737 2604 antiquitatis,
780 2531 885 2589 tamen
923 2526 1004 2590 ueri·
1026 2524 1178 2594 dissimile
1214 2546 1279 2589 non
1322 2530 1367 2588 cst
1411 2525 1471 2589 bas
1507 2526 1743 2590 constitutiones
1781 2529 1846 2587 tum

196 2627 320 2690 demum
349 2625 463 2692 litteris
492 2649 557 2693 esse
584 2629 771 2706 mandatas,
806 2651 877 2693 cum
899 2630 1090 2694 desiderium
1112 2629 1212 2712 lepum
1240 2631 1433 2709 scriptarum
1462 2629 1496 2692 in
1518 2630 1585 2692 dies
1611 2630 1712 2710 mapis
1733 2629 1848 2710 mapis-

195 2751 254 2811 qne
276 2731 459 2812 aupebatnr.
494 2731 615 2796 Extitit
636 2733 672 2796 id
693 2733 884 2798 desiderium
906 2733 1072 2797 translatis
1095 2734 1219 2798 demum
1240 2735 1276 2797 in
1292 2733 1491 2798 Sabaudiam
1511 2733 1637 2796 sedibus
1646 2732 1848 2816 proponatis-

152 2867 178 2906 n
195 2855 255 2914 qne
276 2836 364 2916 repni
378 2834 584 2917 Burpnndici
602 2837 730 2916 finibus,
747 2840 920 2918 praecipue
942 2839 978 2903 ob
1000 2859 1094 2902 usum
1109 2839 1294 2918 variumque
1310 2838 1395 2900 inter
1411 2837 1571 2900 Romanos
1586 2836 1847 2916 Burpundiones-

194 2959 254 3018 que
275 2939 502 3003 commacina.
538 2939 648 3020 Neque
674 2961 744 3004 vero
766 2941 824 3004 din
846 2947 922 3022 post
945 2941 1139 3006 domicilium
1165 2942 1201 3005 in
1223 2940 1389 3004 Sabaudia
1412 2941 1618 3004 constitutum
1640 2938 1848 3019 Burpundio·

194 3062 249 3105 nes
279 3042 349 3106 iure
375 3043 492 3123 scripto
518 3044 677 3120 caruisse,
706 3065 745 3108 ere
772 3045 817 3107 eis
845 3044 945 3126 leparn
970 3045 1102 3108 statutis
1122 3049 1267 3124 apparet,
1298 3063 1393 3123 areas,
1420 3049 1457 3106 ut
1485 3042 1559 3106 libri
1587 3043 1847 3106 constitutionum

195 3146 243 3208 tit.
265 3149 311 3221 17,
339 3145 380 3222 ἐξ
401 3149 504 3222 1-3,
537 3147 622 3210 circa
649 3152 773 3212 sentum
796 3147 830 3210 V.
863 3147 983 3212 saeculi
1016 3149 1200 3212 decennium
1232 3148 1427 3227 conscriptas
1460 3167 1524 3210 esse
1557 3147 1623 3209 oeri
1651 3144 1848 3209 simillimum

196 3253 249 3312 est.
294 3249 335 3312 Id
361 3269 481 3330 pemque
509 3251 802 3314 animadvertamus
829 3273 950 3315 necesse
978 3257 1038 3329 est,
1072 3272 1135 3316 non
1162 3250 1255 3315 semel
1280 3251 1317 3314 de
1339 3248 1555 3329 hospitalitate
1581 3251 1665 3312 inter
1687 3248 1849 3313 Romanos

140 3350 504 3434 ·2,1.Burpundionesque
534 3351 612 3435 lepes
641 3373 663 3415 a
690 3355 815 3438 repibus
841 3355 1112 3436 Bnrpundionum
1143 3376 1207 3418 esse
1235 3353 1327 3418 latas.
1383 3353 1524 3416 Etiamsi
1554 3355 1609 3417 viu
1638 3354 1724 3418 credi
1746 3358 1851 3433 potest

196 3456 262 3519 iam
284 3475 369 3519 anno
386 3459 458 3521 443.
482 3457 520 3520 de
542 3457 610 3536 ipso
633 3456 790 3521 domicilio
811 3458 847 3520 in
864 3456 1030 3522 Sabaudia
1051 3458 1267 3522 cmrstitnendo
1288 3462 1445 3521 statutum
1464 3456 1622 3536 quoddam
1642 3478 1706 3520 esse
1720 3457 1849 3533 editum,

197 3564 301 3623 tamen
324 3560 477 3623 eiusmodi
499 3559 577 3640 lepos
599 3559 636 3623 de
651 3559 865 3639 hospitalitate
886 3580 1034 3642 mapnam
1057 3562 1091 3623 in
1106 3566 1234 3640 partem
1256 3560 1447 3623 merendae
1468 3565 1544 3622 sunt
1565 3581 1604 3623 ecc
1621 3561 1851 3642 propapatione

196 3662 284 3744 repni
303 3662 516 3744 Barpnndiei.
554 3662 608 3726 Ee
630 3663 724 3726 initio
746 3663 880 3744 denmue
903 3664 1034 3743 primae
1049 3663 1292 3727 constitutionis'
1314 3664 1430 3743 inqua
1446 3663 1714 3726 ‘constitutionum
1730 3683 1850 3743 paren-

197 3766 273 3828 tum’
299 3763 517 3828 Gundebadus
537 3764 619 3844 facit
641 3766 840 3843 mentionem,
864 3765 1004 3846 estiatur·
1026 3787 1059 3829 eo
1082 3771 1229 3845 tempme,
1252 3785 1313 3846 qrco
1339 3765 1558 3830 Gundebadns
1579 3786 1710 3846 repnum
1732 3765 1850 3841 inierit,

156 3903 182 3942 30
198 3867 277 3949 lepos
297 3870 434 3949 scriptas
455 3889 568 3949 easque
590 3890 611 3933 a
634 3871 758 3951 repibus
778 3869 1050 3950 Burpundiouum
1072 3869 1156 3932 latas
1178 3870 1214 3932 in
1235 3867 1434 3950 Burpundia
1455 3867 1564 3948 fuisse.

306 3972 476 4036 Artissime
500 3973 730 4053 posterioribus
759 3974 948 4054 temporebus
974 3995 1046 4036 cum
1074 3974 1220 4037 universo
1243 3972 1515 4054 Burpundionum
1542 3973 1613 4035 iure
1640 3972 1757 4051 scripto
1779 3991 1851 4035 con·

199 4075 388 4155 iunpebatnr
409 4097 521 4140 nornen
546 4075 747 4141 Gundebadi.
796 4077 898 4141 Cuius
927 4078 974 4140 rei
1000 4097 1116 4141 causas
1138 4077 1361 4158 quaerentibus
1382 4075 1472 4139 nobis
1493 4075 1628 4156 fortasse
1650 4073 1851 4138 consideran-

199 4179 275 4242 dum
308 4179 368 4242 erit
398 4178 631 4243 Gundebadum
662 4178 741 4259 plus
773 4179 836 4243 XL
867 4200 969 4243 annos
1000 4217 1037 4226 -
1066 4179 1191 4242 diutius
1225 4177 1289 4243 ullo
1321 4177 1386 4242 alio
1418 4197 1486 4259 repe
1511 4176 1783 4259 Burpundionum
1812 4215 1850 4222 -

200 4301 354 4363 repnasse.
390 4281 531 4346 Maioris
553 4287 658 4346 tamen
679 4284 825 4346 momenti
840 4288 894 4360 est,
917 4283 1001 4364 quod
1018 4282 1238 4346 Gundebadus
1253 4302 1367 4361 corpus
1382 4280 1481 4362 upum
1498 4279 1702 4361 codipmrdum
1718 4281 1851 4356 curavit,

158 4417 182 4457 n
199 4383 317 4448 scilicet
340 4384 465 4450 ‘librum
487 4387 746 4450 corstitutionum
774 4387 812 4450 de
832 4388 1019 4466 praeteritis
1045 4391 1074 4449 et
1098 4387 1321 4466 praesentibus
1347 4391 1441 4466 atque
1468 4385 1709 4464 inperpetuum
1732 4405 1853 4448 conser-

198 4489 313 4552 vandis
342 4487 476 4572 lepibus’,
512 4499 608 4573 (quae
637 4492 802 4572 inscriptio
824 4490 1110 4572 Burpundicarnm
1142 4489 1243 4571 upum
1270 4487 1441 4552 collectioni
1469 4488 1504 4550 in
1530 4487 1674 4552 omnibus
1696 4488 1854 4552 codicibus

198 4593 427 4676 manuscriptis
442 4593 592 4671 inditur).
630 4596 717 4675 Quae
731 4593 867 4658 collectio
882 4595 1007 4658 etiarnsi
1025 4615 1089 4657 non
1104 4595 1171 4657 ianr
1185 4592 1378 4656 Gundobadi
1392 4596 1503 4667 aetate,
1527 4596 1632 4655 tamen
1649 4591 1850 4655 Francorum

200 4695 389 4776 temporibus
410 4698 535 4760 nomine
558 4696 641 4777 ‘lepis
660 4696 886 4762 Gundebadae'
908 4697 1088 4774 notabatur,
1105 4695 1335 4777 posterioribus
1357 4694 1556 4774 temporibus,
1580 4693 1689 4776 liupila
1709 4695 1853 4759 Franco·

197 4798 354 4881 pallorum
381 4798 433 4863 ‘toi
450 4799 616 4865 Gmnbette'
645 4802 810 4864 nominata
839 4806 901 4878 est,·
934 4801 992 4881 cfr.
1017 4800 1154 4864 Blubme
1181 4801 1217 4864 in
1233 4791 1436 4881 praefatione
1462 4819 1523 4862 sua
1545 4798 1613 4862 LL.
1630 4799 1703 4876 III,
1727 4818 1763 4879 p.
1780 4801 1854 4879 506,

156 4933 183 4971 40
200 4901 349 4983 Bmcquet
371 4904 407 4967 in
429 4903 549 4968 Rerum
574 4901 774 4968 Gallicarum
796 4904 1001 4986 scriptoribus
1023 4909 1094 4968 tom.
1110 4901 1172 4981 IV,
1190 4923 1224 4982 p.
1242 4905 1314 4965 252.

311 5007 379 5088 Quo
411 5007 462 5070 die
493 5012 553 5070 aut
585 5027 670 5071 anno
699 5007 918 5071 Gundobadm
951 5007 1067 5071 librum
1099 5008 1360 5072 constitutionum
1383 5005 1652 5090 promulpandum
1685 5005 1853 5083 curaverit,

201 5109 357 5174 traditum
389 5131 453 5174 non
485 5117 539 5175 est.
591 5111 653 5175 Sed
683 5111 763 5175 mibi
796 5111 921 5192 quidem
955 5110 1086 5176 dubium
1117 5132 1182 5175 non
1214 5111 1347 5187 videtur,
1381 5111 1461 5190 quin
1489 5109 1709 5173 constitutimri
1731 5109 1857 5188 primae

201 5214 304 5290 initio,
328 5234 389 5294 qim
411 5214 461 5278 die
483 5215 561 5278 data
583 5217 634 5293 sit,
656 5216 852 5294 adscriptum
868 5214 977 5294 fuerit,
999 5214 1057 5278 srcb
1070 5215 1175 5294 tinent,
1197 5234 1258 5295 quo
1274 5214 1324 5278 die
1344 5218 1373 5276 et
1388 5212 1452 5276 loco
1468 5216 1646 5276 ‘concentus
1661 5211 1855 5292 optimatum’

157 5391 160 5398 ¹
201 5317 290 5399 repni
311 5317 516 5399 Burpnndici
538 5318 666 5383 babitus
687 5320 738 5382 sit.
781 5319 848 5400 Quo
871 5318 921 5382 die
943 5323 1049 5381 autem
1064 5319 1176 5398 prima
1199 5317 1381 5381 corstitutio
1402 5317 1523 5397 scripta
1546 5321 1599 5392 est,
1622 5315 1726 5379 eodem
1741 5313 1857 5379 libram

158 5449 183 5488 s
202 5420 462 5485 constitutionum
491 5421 609 5485 editum
638 5442 703 5485 esse
726 5426 876 5501 paunus
905 5442 1026 5485 necesse
1055 5427 1109 5485 est.
1158 5420 1273 5486 Omitto
1302 5421 1457 5498 conicere,
1492 5420 1607 5501 quibus
1633 5418 1801 5482 decausis
1829 5419 1858 5482 is

201 5544 319 5600 verses,
341 5543 403 5603 quo
425 5523 492 5587 dies
514 5530 682 5588 conventus
703 5525 842 5605 scriptus
864 5531 942 5603 erat,
964 5526 1129 5603 interierit,
1152 5545 1251 5606 neque
1270 5525 1307 5587 in
1325 5522 1517 5604 exquirendo
1538 5527 1680 5602 ternpore,
1703 5543 1764 5602 qno
1780 5521 1857 5586 liber

203 5627 463 5692 corstitutionum
484 5629 623 5708 scrr'ptus
645 5629 696 5704 sit,
719 5628 757 5691 de
779 5629 825 5690 cis
846 5649 927 5710 quae
943 5627 1043 5710 plane
1061 5635 1146 5694 certa
1166 5633 1242 5693 sunt
1264 5628 1422 5708 copiosius
1437 5626 1615 5708 disputabo.
1653 5625 1737 5690 Sunt
1752 5631 1859 5690 tamen

203 5728 279 5792 laec
301 5731 515 5810 respicienda:
537 5732 612 5796 Nmr
633 5752 747 5812 corpus
769 5734 908 5796 omnium
931 5734 1191 5796 corstitutionum
1213 5751 1312 5811 usque
1334 5731 1378 5794 ad
1392 5731 1558 5794 editionem
1578 5727 1785 5807 collectarum,
1808 5735 1857 5792 at-

203 5853 263 5913 que
284 5833 329 5896 ad
350 5837 522 5914 temporum
544 5836 685 5900 ordinem
707 5836 951 5916 compositarum
973 5841 1019 5899 est
1041 5835 1117 5899 liber
1139 5834 1414 5912 corstitutionum,
1446 5833 1502 5898 sed
1523 5853 1562 5897 ea
1583 5833 1860 5898 corstitntunrbus
