<?xml version="1.0" encoding="UTF-8"?>
<!DOCTYPE html PUBLIC "-//W3C//DTD XHTML 1.0 Transitional//EN"
    "http://www.w3.org/TR/xhtml1/DTD/xhtml1-transitional.dtd">
<html xmlns="http://www.w3.org/1999/xhtml" xml:lang="en" lang="en">
 <head>
  <title>
</title>
<meta http-equiv="Content-Type" content="text/html;charset=utf-8" />
  <meta name='ocr-system' content='tesseract 3.04.00' />
  <meta name='ocr-capabilities' content='ocr_page ocr_carea ocr_par ocr_line ocrx_word'/>
</head>
<body>
  <div class='ocr_page' id='page_1' title='image "./monumentagerman02mittgoog/monumentagerman02mittgoog_0034.png"; bbox 0 0 4492 6638; ppageno 0'>
   <div class='ocr_carea' id='block_1_1' title="bbox 655 544 1845 618">
    <p class='ocr_par' dir='ltr' id='par_1_1' title="bbox 655 544 1845 618">
     <span class='ocr_line' id='line_1_1' title="bbox 655 544 1845 618; baseline 0.015 -18"><span class='ocrx_word' id='word_1_1' title='bbox 655 544 1094 604; x_wconf 76' lang='grc'>3333333333113133311.</span> <span class='ocrx_word' id='word_1_2' title='bbox 1113 579 1146 588; x_wconf 91' lang='lat'>-</span> <span class='ocrx_word' id='word_1_3' title='bbox 1166 548 1381 606; x_wconf 73' lang='lat' dir='ltr'><strong>PRAEFATIO.</strong></span> <span class='ocrx_word' id='word_1_4' title='bbox 1807 557 1845 618; x_wconf 82' lang='grc'><strong><em>13</em></strong></span> 
     </span>
    </p>
   </div>
   <div class='ocr_carea' id='block_1_2' title="bbox 161 717 1845 1322">
    <p class='ocr_par' dir='ltr' id='par_1_2' title="bbox 186 717 1845 1118">
     <span class='ocr_line' id='line_1_2' title="bbox 186 717 1843 804; baseline 0.007 -25"><span class='ocrx_word' id='word_1_5' title='bbox 186 717 365 797; x_wconf 75' lang='lat' dir='ltr'><strong><em>parsqncere</em></strong></span> <span class='ocrx_word' id='word_1_6' title='bbox 380 737 445 782; x_wconf 91' lang='lat' dir='ltr'><strong><em>non</em></strong></span> <span class='ocrx_word' id='word_1_7' title='bbox 453 718 562 799; x_wconf 80' lang='lat' dir='ltr'><strong><em>potuit</em></strong></span> <span class='ocrx_word' id='word_1_8' title='bbox 577 723 672 800; x_wconf 89' lang='lat' dir='ltr'><strong><em>atque</em></strong></span> <span class='ocrx_word' id='word_1_9' title='bbox 686 719 781 783; x_wconf 87' lang='lat' dir='ltr'><strong><em>etiam</em></strong></span> <span class='ocrx_word' id='word_1_10' title='bbox 797 720 1041 785; x_wconf 79' lang='grc'>3773777773737</span> <span class='ocrx_word' id='word_1_11' title='bbox 1055 723 1219 801; x_wconf 79' lang='lat' dir='ltr'><strong><em>qemndam</em></strong></span> <span class='ocrx_word' id='word_1_12' title='bbox 1233 743 1314 804; x_wconf 88' lang='lat' dir='ltr'><strong><em>qnae</em></strong></span> <span class='ocrx_word' id='word_1_13' title='bbox 1328 724 1477 804; x_wconf 80' lang='lat' dir='ltr'><strong><em>scriptori</em></strong></span> <span class='ocrx_word' id='word_1_14' title='bbox 1492 723 1623 789; x_wconf 88' lang='lat' dir='ltr'><strong><em>librario</em></strong></span> <span class='ocrx_word' id='word_1_15' title='bbox 1635 723 1843 791; x_wconf 83' lang='lat' dir='ltr'><strong><em>adscribenda</em></strong></span> 
     </span>
     <span class='ocr_line' id='line_1_3' title="bbox 190 819 1843 910; baseline 0.008 -30"><span class='ocrx_word' id='word_1_16' title='bbox 190 824 249 898; x_wconf 89' lang='lat' dir='ltr'><strong><em>est,</em></strong></span> <span class='ocrx_word' id='word_1_17' title='bbox 278 819 315 882; x_wconf 92' lang='lat' dir='ltr'><strong><em>in</em></strong></span> <span class='ocrx_word' id='word_1_18' title='bbox 341 819 507 885; x_wconf 89' lang='lat' dir='ltr'><strong><em>editionem</em></strong></span> <span class='ocrx_word' id='word_1_19' title='bbox 533 841 625 885; x_wconf 88' lang='lat' dir='ltr'><strong><em>suam</em></strong></span> <span class='ocrx_word' id='word_1_20' title='bbox 652 822 767 902; x_wconf 78' lang='lat' dir='ltr'><strong><em>recepit</em></strong></span> <span class='ocrx_word' id='word_1_21' title='bbox 795 824 860 903; x_wconf 87' lang='lat' dir='ltr'><strong><em>(tit.</em></strong></span> <span class='ocrx_word' id='word_1_22' title='bbox 877 825 927 901; x_wconf 89' lang='grc'><strong><em>66,</em></strong></span> <span class='ocrx_word' id='word_1_23' title='bbox 951 827 971 903; x_wconf 69' lang='grc' dir='ltr'><strong>ξ</strong></span> <span class='ocrx_word' id='word_1_24' title='bbox 990 825 1034 902; x_wconf 86' lang='grc'><strong><em>3).</em></strong></span> <span class='ocrx_word' id='word_1_25' title='bbox 1080 822 1205 888; x_wconf 82' lang='lat' dir='ltr'><strong><em>Deinde</em></strong></span> <span class='ocrx_word' id='word_1_26' title='bbox 1227 824 1294 890; x_wconf 82' lang='lat' dir='ltr'><strong><em>Ba</em></strong></span> <span class='ocrx_word' id='word_1_27' title='bbox 1316 847 1355 890; x_wconf 81' lang='lat' dir='ltr'><strong><em>cn</em></strong></span> <span class='ocrx_word' id='word_1_28' title='bbox 1380 827 1483 891; x_wconf 88' lang='lat' dir='ltr'><strong><em>codice</em></strong></span> <span class='ocrx_word' id='word_1_29' title='bbox 1504 827 1538 891; x_wconf 92' lang='grc' dir='ltr'><strong><em>Β</em></strong></span> <span class='ocrx_word' id='word_1_30' title='bbox 1553 830 1590 890; x_wconf 90' lang='grc'><strong><em>16</em></strong></span> <span class='ocrx_word' id='word_1_31' title='bbox 1614 831 1843 910; x_wconf 76' lang='lat' dir='ltr'><strong><em>transcriptum</em></strong></span> 
     </span>
     <span class='ocr_line' id='line_1_4' title="bbox 190 923 1844 1011; baseline 0.009 -29"><span class='ocrx_word' id='word_1_32' title='bbox 190 942 254 984; x_wconf 82' lang='lat' dir='ltr'><strong><em>esse</em></strong></span> <span class='ocrx_word' id='word_1_33' title='bbox 278 942 343 986; x_wconf 90' lang='lat' dir='ltr'><strong><em>non</em></strong></span> <span class='ocrx_word' id='word_1_34' title='bbox 360 943 461 1005; x_wconf 79' lang='lat' dir='ltr'><strong><em>posse,</em></strong></span> <span class='ocrx_word' id='word_1_35' title='bbox 484 943 520 986; x_wconf 84' lang='lat' dir='ltr'><strong><em>ca</em></strong></span> <span class='ocrx_word' id='word_1_36' title='bbox 549 945 584 988; x_wconf 84' lang='lat' dir='ltr'><strong><em>ro</em></strong></span> <span class='ocrx_word' id='word_1_37' title='bbox 605 923 847 1002; x_wconf 77' lang='lat' dir='ltr'><strong><em>dentonstratur,</em></strong></span> <span class='ocrx_word' id='word_1_38' title='bbox 871 926 955 1006; x_wconf 90' lang='lat' dir='ltr'><strong><em>quod</em></strong></span> <span class='ocrx_word' id='word_1_39' title='bbox 976 927 1011 991; x_wconf 90' lang='lat' dir='ltr'><strong><em>in</em></strong></span> <span class='ocrx_word' id='word_1_40' title='bbox 1033 926 1068 990; x_wconf 93' lang='grc' dir='ltr'><strong><em>Β</em></strong></span> <span class='ocrx_word' id='word_1_41' title='bbox 1082 931 1120 991; x_wconf 88' lang='grc'><strong><em>16</em></strong></span> <span class='ocrx_word' id='word_1_42' title='bbox 1148 926 1282 992; x_wconf 86' lang='grc'>7337733</span> <span class='ocrx_word' id='word_1_43' title='bbox 1309 929 1465 1009; x_wconf 76' lang='lat' dir='ltr'><strong><em>quaedam</em></strong></span> <span class='ocrx_word' id='word_1_44' title='bbox 1492 934 1568 994; x_wconf 87' lang='lat' dir='ltr'><strong><em>sunt</em></strong></span> <span class='ocrx_word' id='word_1_45' title='bbox 1590 951 1671 1011; x_wconf 89' lang='lat' dir='ltr'><strong><em>quas</em></strong></span> <span class='ocrx_word' id='word_1_46' title='bbox 1693 932 1727 996; x_wconf 97' lang='grc' dir='ltr'><strong><em>Β</em></strong></span> <span class='ocrx_word' id='word_1_47' title='bbox 1739 936 1758 995; x_wconf 83' lang='grc'><strong><em>3</em></strong></span> <span class='ocrx_word' id='word_1_48' title='bbox 1780 954 1844 998; x_wconf 88' lang='grc'><strong><em>737</em></strong></span> 
     </span>
     <span class='ocr_line' id='line_1_5' title="bbox 191 1024 1845 1118; baseline 0.008 -32"><span class='ocrx_word' id='word_1_49' title='bbox 191 1024 298 1101; x_wconf 65' lang='lat' dir='ltr'><strong><em>leniret·</em></strong></span> <span class='ocrx_word' id='word_1_50' title='bbox 326 1026 381 1090; x_wconf 86' lang='lat' dir='ltr'><strong><em>sed</em></strong></span> <span class='ocrx_word' id='word_1_51' title='bbox 402 1027 497 1090; x_wconf 89' lang='lat' dir='ltr'><strong><em>etiam</em></strong></span> <span class='ocrx_word' id='word_1_52' title='bbox 519 1046 557 1090; x_wconf 87' lang='lat' dir='ltr'><strong><em>co</em></strong></span> <span class='ocrx_word' id='word_1_53' title='bbox 578 1027 698 1108; x_wconf 78' lang='lat' dir='ltr'><strong><em>eminio,</em></strong></span> <span class='ocrx_word' id='word_1_54' title='bbox 726 1049 822 1108; x_wconf 89' lang='lat' dir='ltr'><strong><em>quam</em></strong></span> <span class='ocrx_word' id='word_1_55' title='bbox 844 1029 984 1109; x_wconf 76' lang='lat' dir='ltr'><strong><em>defendit</em></strong></span> <span class='ocrx_word' id='word_1_56' title='bbox 1004 1029 1157 1109; x_wconf 83' lang='lat' dir='ltr'><strong><em>Blulenee,</em></strong></span> <span class='ocrx_word' id='word_1_57' title='bbox 1187 1031 1221 1095; x_wconf 97' lang='grc' dir='ltr'><strong><em>Β</em></strong></span> <span class='ocrx_word' id='word_1_58' title='bbox 1239 1037 1275 1097; x_wconf 87' lang='grc'><strong><em>16</em></strong></span> <span class='ocrx_word' id='word_1_59' title='bbox 1298 1053 1337 1096; x_wconf 79' lang='lat' dir='ltr'><strong><em>ca</em></strong></span> <span class='ocrx_word' id='word_1_60' title='bbox 1358 1033 1423 1097; x_wconf 83' lang='lat' dir='ltr'><strong><em>Bo</em></strong></span> <span class='ocrx_word' id='word_1_61' title='bbox 1445 1035 1638 1118; x_wconf 76' lang='lat' dir='ltr'><strong><em>exscriptum</em></strong></span> <span class='ocrx_word' id='word_1_62' title='bbox 1659 1057 1736 1114; x_wconf 84' lang='lat' dir='ltr'><strong><em>esse,</em></strong></span> <span class='ocrx_word' id='word_1_63' title='bbox 1765 1037 1845 1102; x_wconf 84' lang='lat' dir='ltr'><strong><em>mibi</em></strong></span> 
     </span>
    </p>

    <p class='ocr_par' dir='ltr' id='par_1_3' title="bbox 161 1130 1844 1322">
     <span class='ocr_line' id='line_1_6' title="bbox 161 1130 1844 1222; baseline 0.008 -31"><span class='ocrx_word' id='word_1_64' title='bbox 161 1155 172 1191; x_wconf 78' lang='grc'><strong><em>3</em></strong></span> <span class='ocrx_word' id='word_1_65' title='bbox 191 1150 255 1193; x_wconf 86' lang='grc'><strong><em>337</em></strong></span> <span class='ocrx_word' id='word_1_66' title='bbox 275 1130 441 1210; x_wconf 74' lang='lat' dir='ltr'><strong><em>moliatur.</em></strong></span> <span class='ocrx_word' id='word_1_67' title='bbox 485 1130 521 1194; x_wconf 94' lang='grc' dir='ltr'><strong><em>Β</em></strong></span> <span class='ocrx_word' id='word_1_68' title='bbox 535 1136 568 1194; x_wconf 91' lang='grc'><strong><em>11</em></strong></span> <span class='ocrx_word' id='word_1_69' title='bbox 595 1132 632 1195; x_wconf 86' lang='grc'><strong><em>77</em></strong></span> <span class='ocrx_word' id='word_1_70' title='bbox 652 1131 716 1211; x_wconf 76' lang='lat' dir='ltr'><strong><em>dne</em></strong></span> <span class='ocrx_word' id='word_1_71' title='bbox 738 1131 848 1215; x_wconf 80' lang='lat' dir='ltr'><strong><em>posui,</em></strong></span> <span class='ocrx_word' id='word_1_72' title='bbox 878 1133 962 1213; x_wconf 86' lang='lat' dir='ltr'><strong><em>qnod</em></strong></span> <span class='ocrx_word' id='word_1_73' title='bbox 982 1139 1034 1198; x_wconf 92' lang='lat' dir='ltr'><strong><em>sat</em></strong></span> <span class='ocrx_word' id='word_1_74' title='bbox 1051 1154 1163 1214; x_wconf 75' lang='lat' dir='ltr'><strong><em>pauca</em></strong></span> <span class='ocrx_word' id='word_1_75' title='bbox 1184 1137 1222 1200; x_wconf 88' lang='lat' dir='ltr'><strong><em>de</em></strong></span> <span class='ocrx_word' id='word_1_76' title='bbox 1242 1135 1299 1200; x_wconf 87' lang='lat' dir='ltr'><strong><em>boc</em></strong></span> <span class='ocrx_word' id='word_1_77' title='bbox 1320 1137 1423 1202; x_wconf 84' lang='lat' dir='ltr'><strong><em>codice</em></strong></span> <span class='ocrx_word' id='word_1_78' title='bbox 1444 1137 1534 1202; x_wconf 88' lang='lat' dir='ltr'><strong><em>nobis</em></strong></span> <span class='ocrx_word' id='word_1_79' title='bbox 1554 1144 1629 1202; x_wconf 90' lang='lat' dir='ltr'><strong><em>nota</em></strong></span> <span class='ocrx_word' id='word_1_80' title='bbox 1651 1144 1728 1203; x_wconf 86' lang='lat' dir='ltr'><strong><em>sun-t</em></strong></span> <span class='ocrx_word' id='word_1_81' title='bbox 1749 1145 1844 1222; x_wconf 86' lang='lat' dir='ltr'><strong><em>atquo</em></strong></span> 
     </span>
     <span class='ocr_line' id='line_1_7' title="bbox 190 1234 1636 1322; baseline 0.008 -26"><span class='ocrx_word' id='word_1_82' title='bbox 190 1238 275 1297; x_wconf 88' lang='lat' dir='ltr'><strong><em>certa</em></strong></span> <span class='ocrx_word' id='word_1_83' title='bbox 296 1234 452 1315; x_wconf 80' lang='lat' dir='ltr'><strong><em>quaedam</em></strong></span> <span class='ocrx_word' id='word_1_84' title='bbox 474 1235 558 1298; x_wconf 87' lang='lat' dir='ltr'><strong><em>rotie</em></strong></span> <span class='ocrx_word' id='word_1_85' title='bbox 580 1235 663 1300; x_wconf 88' lang='lat' dir='ltr'><strong><em>inter</em></strong></span> <span class='ocrx_word' id='word_1_86' title='bbox 684 1235 769 1298; x_wconf 86' lang='lat' dir='ltr'><strong><em>bunc</em></strong></span> <span class='ocrx_word' id='word_1_87' title='bbox 791 1235 925 1299; x_wconf 89' lang='lat' dir='ltr'><strong><em>codicem</em></strong></span> <span class='ocrx_word' id='word_1_88' title='bbox 946 1240 1119 1318; x_wconf 86' lang='lat' dir='ltr'><strong><em>ceterosque</em></strong></span> <span class='ocrx_word' id='word_1_89' title='bbox 1141 1238 1260 1303; x_wconf 89' lang='lat' dir='ltr'><strong><em>codices</em></strong></span> <span class='ocrx_word' id='word_1_90' title='bbox 1281 1241 1422 1322; x_wconf 81' lang='lat' dir='ltr'><strong><em>coqnosci</em></strong></span> <span class='ocrx_word' id='word_1_91' title='bbox 1443 1260 1507 1305; x_wconf 91' lang='lat' dir='ltr'><strong><em>non</em></strong></span> <span class='ocrx_word' id='word_1_92' title='bbox 1521 1246 1636 1321; x_wconf 77' lang='lat' dir='ltr'><strong><em>potest.</em></strong></span> 
     </span>
    </p>
   </div>
   <div class='ocr_carea' id='block_1_3' title="bbox 656 1457 1379 1540">
    <p class='ocr_par' dir='ltr' id='par_1_4' title="bbox 656 1457 1379 1540">
     <span class='ocr_line' id='line_1_8' title="bbox 656 1457 1379 1540; baseline 0.007 -19"><span class='ocrx_word' id='word_1_93' title='bbox 656 1458 675 1540; x_wconf 75' lang='lat'>§</span> <span class='ocrx_word' id='word_1_94' title='bbox 699 1463 728 1523; x_wconf 83' lang='lat'><strong><em>5.</em></strong></span> <span class='ocrx_word' id='word_1_95' title='bbox 762 1457 818 1523; x_wconf 88' lang='lat' dir='ltr'><strong><em>Dc</em></strong></span> <span class='ocrx_word' id='word_1_96' title='bbox 840 1459 1040 1523; x_wconf 77' lang='lat' dir='ltr'><strong><em>codicibus</em></strong></span> <span class='ocrx_word' id='word_1_97' title='bbox 1062 1459 1155 1540; x_wconf 83' lang='lat' dir='ltr'><strong><em>leqis</em></strong></span> <span class='ocrx_word' id='word_1_98' title='bbox 1177 1460 1379 1527; x_wconf 79' lang='lat' dir='ltr'><strong><em>Romanae.</em></strong></span> 
     </span>
    </p>
   </div>
   <div class='ocr_carea' id='block_1_4' title="bbox 139 1594 1843 5312">
    <p class='ocr_par' dir='ltr' id='par_1_5' title="bbox 297 1594 1843 1681">
     <span class='ocr_line' id='line_1_9' title="bbox 297 1594 1843 1681; baseline 0.005 -21"><span class='ocrx_word' id='word_1_99' title='bbox 297 1594 381 1660; x_wconf 71' lang='grc'>3777</span> <span class='ocrx_word' id='word_1_100' title='bbox 404 1595 507 1675; x_wconf 73' lang='lat' dir='ltr'><strong><em>nauci</em></strong></span> <span class='ocrx_word' id='word_1_101' title='bbox 533 1595 652 1659; x_wconf 85' lang='lat' dir='ltr'><strong><em>codices</em></strong></span> <span class='ocrx_word' id='word_1_102' title='bbox 677 1594 752 1676; x_wconf 81' lang='lat' dir='ltr'><strong><em>leqis</em></strong></span> <span class='ocrx_word' id='word_1_103' title='bbox 774 1595 951 1673; x_wconf 79' lang='lat' dir='ltr'><strong><em>Romanae,</em></strong></span> <span class='ocrx_word' id='word_1_104' title='bbox 983 1597 1122 1678; x_wconf 84' lang='lat' dir='ltr'><strong><em>quinque</em></strong></span> <span class='ocrx_word' id='word_1_105' title='bbox 1143 1619 1287 1678; x_wconf 78' lang='lat' dir='ltr'><strong><em>necarere,</em></strong></span> <span class='ocrx_word' id='word_1_106' title='bbox 1318 1601 1374 1681; x_wconf 91' lang='lat' dir='ltr'><strong><em>qui</em></strong></span> <span class='ocrx_word' id='word_1_107' title='bbox 1396 1602 1556 1667; x_wconf 74' lang='lat' dir='ltr'><strong><em>contiueat</em></strong></span> <span class='ocrx_word' id='word_1_108' title='bbox 1577 1601 1637 1680; x_wconf 88' lang='grc'>337,</span> <span class='ocrx_word' id='word_1_109' title='bbox 1668 1608 1705 1666; x_wconf 90' lang='grc'><strong><em>77</em></strong></span> <span class='ocrx_word' id='word_1_110' title='bbox 1726 1603 1843 1667; x_wconf 86' lang='lat' dir='ltr'><strong><em>rect-ins</em></strong></span> 
     </span>
    </p>

    <p class='ocr_par' dir='ltr' id='par_1_6' title="bbox 190 1699 1843 1785">
     <span class='ocr_line' id='line_1_10' title="bbox 190 1699 1843 1785; baseline 0.002 -20"><span class='ocrx_word' id='word_1_111' title='bbox 190 1701 308 1778; x_wconf 78' lang='lat' dir='ltr'><strong><em>edicam,</em></strong></span> <span class='ocrx_word' id='word_1_112' title='bbox 343 1701 535 1766; x_wconf 87' lang='lat' dir='ltr'><strong><em>continerent</em></strong></span> <span class='ocrx_word' id='word_1_113' title='bbox 565 1706 662 1764; x_wconf 89' lang='lat' dir='ltr'><strong><em>totam</em></strong></span> <span class='ocrx_word' id='word_1_114' title='bbox 691 1699 783 1780; x_wconf 86' lang='lat' dir='ltr'><strong><em>leqcrn</em></strong></span> <span class='ocrx_word' id='word_1_115' title='bbox 807 1699 1000 1779; x_wconf 81' lang='lat' dir='ltr'><strong><em>Rornanom,</em></strong></span> <span class='ocrx_word' id='word_1_116' title='bbox 1032 1703 1064 1764; x_wconf 89' lang='lat' dir='ltr'><strong><em>si</em></strong></span> <span class='ocrx_word' id='word_1_117' title='bbox 1091 1703 1207 1785; x_wconf 84' lang='lat' dir='ltr'><strong><em>inteqri</em></strong></span> <span class='ocrx_word' id='word_1_118' title='bbox 1235 1705 1349 1769; x_wconf 76' lang='grc'>7737777</span> <span class='ocrx_word' id='word_1_119' title='bbox 1376 1711 1485 1770; x_wconf 85' lang='grc'>333377.</span> <span class='ocrx_word' id='word_1_120' title='bbox 1536 1705 1627 1770; x_wconf 87' lang='lat' dir='ltr'><strong><em>Unus</em></strong></span> <span class='ocrx_word' id='word_1_121' title='bbox 1648 1707 1731 1771; x_wconf 87' lang='lat' dir='ltr'><strong><em>enim</em></strong></span> <span class='ocrx_word' id='word_1_122' title='bbox 1755 1705 1843 1772; x_wconf 87' lang='lat' dir='ltr'><strong><em>solus</em></strong></span> 
     </span>
    </p>

    <p class='ocr_par' dir='ltr' id='par_1_7' title="bbox 147 1805 1842 1892">
     <span class='ocr_line' id='line_1_11' title="bbox 147 1805 1842 1892; baseline 0.004 -27"><span class='ocrx_word' id='word_1_123' title='bbox 147 1827 173 1865; x_wconf 86' lang='grc' dir='ltr'><strong><em>ιο</em></strong></span> <span class='ocrx_word' id='word_1_124' title='bbox 190 1805 309 1886; x_wconf 83' lang='lat' dir='ltr'><strong><em>inteqcr</em></strong></span> <span class='ocrx_word' id='word_1_125' title='bbox 329 1809 472 1868; x_wconf 81' lang='lat' dir='ltr'><strong><em>seruatus</em></strong></span> <span class='ocrx_word' id='word_1_126' title='bbox 493 1809 555 1882; x_wconf 90' lang='lat' dir='ltr'><strong><em>est,·</em></strong></span> <span class='ocrx_word' id='word_1_127' title='bbox 587 1809 758 1868; x_wconf 83' lang='lat' dir='ltr'><strong><em>celcrmnm</em></strong></span> <span class='ocrx_word' id='word_1_128' title='bbox 784 1805 925 1868; x_wconf 88' lang='lat' dir='ltr'><strong><em>omnium</em></strong></span> <span class='ocrx_word' id='word_1_129' title='bbox 953 1805 1088 1870; x_wconf 79' lang='lat' dir='ltr'><strong><em>nociores</em></strong></span> <span class='ocrx_word' id='word_1_130' title='bbox 1114 1806 1161 1871; x_wconf 89' lang='lat' dir='ltr'><strong><em>od</em></strong></span> <span class='ocrx_word' id='word_1_131' title='bbox 1187 1808 1322 1872; x_wconf 86' lang='lat' dir='ltr'><strong><em>minores</em></strong></span> <span class='ocrx_word' id='word_1_132' title='bbox 1337 1814 1451 1888; x_wconf 78' lang='lat' dir='ltr'><strong><em>partes</em></strong></span> <span class='ocrx_word' id='word_1_133' title='bbox 1471 1809 1593 1874; x_wconf 83' lang='lat' dir='ltr'><strong><em>desunt.</em></strong></span> <span class='ocrx_word' id='word_1_134' title='bbox 1642 1810 1726 1892; x_wconf 80' lang='lat' dir='ltr'><strong><em>Ques</em></strong></span> <span class='ocrx_word' id='word_1_135' title='bbox 1748 1810 1842 1890; x_wconf 89' lang='lat' dir='ltr'><strong><em>quin-</em></strong></span> 
     </span>
    </p>

    <p class='ocr_par' dir='ltr' id='par_1_8' title="bbox 187 1907 1842 1994">
     <span class='ocr_line' id='line_1_12' title="bbox 187 1907 1842 1994; baseline 0.003 -22"><span class='ocrx_word' id='word_1_136' title='bbox 187 1929 248 1990; x_wconf 85' lang='lat' dir='ltr'><strong><em>quo</em></strong></span> <span class='ocrx_word' id='word_1_137' title='bbox 269 1908 389 1972; x_wconf 86' lang='grc'>3377333</span> <span class='ocrx_word' id='word_1_138' title='bbox 415 1907 511 1972; x_wconf 84' lang='lat' dir='ltr'><strong><em>classi</em></strong></span> <span class='ocrx_word' id='word_1_139' title='bbox 538 1907 644 1971; x_wconf 90' lang='lat' dir='ltr'><strong><em>littera</em></strong></span> <span class='ocrx_word' id='word_1_140' title='bbox 666 1907 698 1970; x_wconf 98' lang='lat' dir='ltr'><strong><em>A</em></strong></span> <span class='ocrx_word' id='word_1_141' title='bbox 720 1912 848 1972; x_wconf 87' lang='lat' dir='ltr'><strong><em>notatae</em></strong></span> <span class='ocrx_word' id='word_1_142' title='bbox 870 1908 1094 1986; x_wconf 85' lang='lat' dir='ltr'><strong><em>adscribimus,</em></strong></span> <span class='ocrx_word' id='word_1_143' title='bbox 1125 1911 1227 1990; x_wconf 87' lang='lat' dir='ltr'><strong><em>iisqne</em></strong></span> <span class='ocrx_word' id='word_1_144' title='bbox 1249 1912 1285 1974; x_wconf 91' lang='lat' dir='ltr'><strong><em>in</em></strong></span> <span class='ocrx_word' id='word_1_145' title='bbox 1307 1910 1405 1976; x_wconf 87' lang='lat' dir='ltr'><strong><em>classe</em></strong></span> <span class='ocrx_word' id='word_1_146' title='bbox 1427 1910 1462 1977; x_wconf 94' lang='grc' dir='ltr'><strong><em>Β</em></strong></span> <span class='ocrx_word' id='word_1_147' title='bbox 1482 1933 1533 1977; x_wconf 88' lang='grc'><strong><em>333</em></strong></span> <span class='ocrx_word' id='word_1_148' title='bbox 1554 1914 1753 1993; x_wconf 67' lang='lat' dir='ltr'><strong><em>unianimem,</em></strong></span> <span class='ocrx_word' id='word_1_149' title='bbox 1785 1913 1842 1994; x_wconf 90' lang='lat' dir='ltr'><strong><em>qui</em></strong></span> 
     </span>
    </p>

    <p class='ocr_par' dir='ltr' id='par_1_9' title="bbox 187 2009 1840 2094">
     <span class='ocr_line' id='line_1_13' title="bbox 187 2009 1840 2094; baseline 0.002 -20"><span class='ocrx_word' id='word_1_150' title='bbox 187 2011 328 2094; x_wconf 70' lang='grc'>3397733</span> <span class='ocrx_word' id='word_1_151' title='bbox 353 2009 462 2076; x_wconf 89' lang='lat' dir='ltr'><strong><em>titulos</em></strong></span> <span class='ocrx_word' id='word_1_152' title='bbox 488 2009 563 2092; x_wconf 85' lang='lat' dir='ltr'><strong><em>leqis</em></strong></span> <span class='ocrx_word' id='word_1_153' title='bbox 585 2009 749 2076; x_wconf 72' lang='lat' dir='ltr'><strong><em>Romnum</em></strong></span> <span class='ocrx_word' id='word_1_154' title='bbox 771 2017 800 2074; x_wconf 91' lang='grc'><strong><em>37</em></strong></span> <span class='ocrx_word' id='word_1_155' title='bbox 821 2031 871 2074; x_wconf 88' lang='grc'><strong><em>333</em></strong></span> <span class='ocrx_word' id='word_1_156' title='bbox 893 2012 1077 2076; x_wconf 87' lang='lat' dir='ltr'><strong><em>coniunctos</em></strong></span> <span class='ocrx_word' id='word_1_157' title='bbox 1103 2035 1175 2077; x_wconf 90' lang='lat' dir='ltr'><strong><em>cnm</em></strong></span> <span class='ocrx_word' id='word_1_158' title='bbox 1201 2013 1279 2079; x_wconf 89' lang='lat' dir='ltr'><strong><em>libro</em></strong></span> <span class='ocrx_word' id='word_1_159' title='bbox 1301 2016 1562 2080; x_wconf 77' lang='lat' dir='ltr'><strong><em>corntitntionum</em></strong></span> <span class='ocrx_word' id='word_1_160' title='bbox 1583 2016 1714 2094; x_wconf 61' lang='lat' dir='ltr'><strong><em>bobum</em></strong></span> <span class='ocrx_word' id='word_1_161' title='bbox 1747 2017 1840 2079; x_wconf 87' lang='lat' dir='ltr'><strong><em>tertia</em></strong></span> 
     </span>
    </p>

    <p class='ocr_par' dir='ltr' id='par_1_10' title="bbox 187 2113 1842 2298">
     <span class='ocr_line' id='line_1_14' title="bbox 188 2113 1842 2200; baseline 0.003 -22"><span class='ocrx_word' id='word_1_162' title='bbox 188 2115 321 2196; x_wconf 82' lang='lat' dir='ltr'><strong><em>deniqne</em></strong></span> <span class='ocrx_word' id='word_1_163' title='bbox 342 2114 449 2192; x_wconf 88' lang='grc'>373333,</span> <span class='ocrx_word' id='word_1_164' title='bbox 475 2113 641 2192; x_wconf 82' lang='lat' dir='ltr'><strong><em>Gnotato,</em></strong></span> <span class='ocrx_word' id='word_1_165' title='bbox 664 2114 691 2178; x_wconf 92' lang='lat' dir='ltr'><strong><em>ii</em></strong></span> <span class='ocrx_word' id='word_1_166' title='bbox 712 2114 830 2178; x_wconf 88' lang='lat' dir='ltr'><strong><em>codices</em></strong></span> <span class='ocrx_word' id='word_1_167' title='bbox 853 2116 1063 2192; x_wconf 86' lang='lat' dir='ltr'><strong><em>continentur,</em></strong></span> <span class='ocrx_word' id='word_1_168' title='bbox 1085 2116 1142 2198; x_wconf 91' lang='lat' dir='ltr'><strong><em>qni</em></strong></span> <span class='ocrx_word' id='word_1_169' title='bbox 1162 2116 1303 2198; x_wconf 85' lang='lat' dir='ltr'><strong><em>sinqnlos</em></strong></span> <span class='ocrx_word' id='word_1_170' title='bbox 1326 2117 1435 2182; x_wconf 89' lang='lat' dir='ltr'><strong><em>titulos</em></strong></span> <span class='ocrx_word' id='word_1_171' title='bbox 1456 2118 1531 2199; x_wconf 83' lang='lat' dir='ltr'><strong><em>leqis</em></strong></span> <span class='ocrx_word' id='word_1_172' title='bbox 1546 2118 1711 2184; x_wconf 76' lang='lat' dir='ltr'><strong><em>Romanae</em></strong></span> <span class='ocrx_word' id='word_1_173' title='bbox 1732 2139 1842 2200; x_wconf 81' lang='lat' dir='ltr'><strong><em>cosque</em></strong></span> 
     </span>
     <span class='ocr_line' id='line_1_15' title="bbox 187 2216 1109 2298; baseline 0 -16"><span class='ocrx_word' id='word_1_174' title='bbox 187 2238 251 2282; x_wconf 88' lang='lat' dir='ltr'><strong><em>non</em></strong></span> <span class='ocrx_word' id='word_1_175' title='bbox 273 2218 456 2282; x_wconf 89' lang='lat' dir='ltr'><strong><em>coniunctos</em></strong></span> <span class='ocrx_word' id='word_1_176' title='bbox 477 2237 549 2282; x_wconf 90' lang='lat' dir='ltr'><strong><em>enm</em></strong></span> <span class='ocrx_word' id='word_1_177' title='bbox 571 2217 650 2282; x_wconf 89' lang='lat' dir='ltr'><strong><em>libro</em></strong></span> <span class='ocrx_word' id='word_1_178' title='bbox 671 2216 932 2282; x_wconf 74' lang='lat' dir='ltr'><strong><em>constitutionum</em></strong></span> <span class='ocrx_word' id='word_1_179' title='bbox 948 2219 1109 2298; x_wconf 72' lang='lat' dir='ltr'><strong><em>praebent.</em></strong></span> 
     </span>
    </p>

    <p class='ocr_par' dir='ltr' id='par_1_11' title="bbox 147 2320 1842 2821">
     <span class='ocr_line' id='line_1_16' title="bbox 147 2320 1842 2405; baseline 0.006 -23"><span class='ocrx_word' id='word_1_180' title='bbox 147 2345 171 2382; x_wconf 80' lang='lat' dir='ltr'><strong><em>n</em></strong></span> <span class='ocrx_word' id='word_1_181' title='bbox 296 2321 330 2388; x_wconf 84' lang='lat' dir='ltr'><strong><em>J.</em></strong></span> <span class='ocrx_word' id='word_1_182' title='bbox 354 2321 477 2387; x_wconf 78' lang='lat' dir='ltr'><strong><em>Merkel</em></strong></span> <span class='ocrx_word' id='word_1_183' title='bbox 508 2323 543 2386; x_wconf 88' lang='lat' dir='ltr'><strong><em>in</em></strong></span> <span class='ocrx_word' id='word_1_184' title='bbox 566 2321 726 2404; x_wconf 61' lang='lat' dir='ltr'><strong><em>‘Secum</em></strong></span> <span class='ocrx_word' id='word_1_185' title='bbox 757 2320 796 2386; x_wconf 82' lang='lat' dir='ltr'><strong><em>G.</em></strong></span> <span class='ocrx_word' id='word_1_186' title='bbox 819 2323 848 2385; x_wconf 87' lang='lat' dir='ltr'><strong><em>d.</em></strong></span> <span class='ocrx_word' id='word_1_187' title='bbox 869 2323 958 2388; x_wconf 70' lang='lat' dir='ltr'><strong><em>Retro.</em></strong></span> <span class='ocrx_word' id='word_1_188' title='bbox 974 2323 1097 2388; x_wconf 79' lang='lat' dir='ltr'><strong><em>Recbts&#39;</em></strong></span> <span class='ocrx_word' id='word_1_189' title='bbox 1115 2323 1208 2402; x_wconf 75' lang='lat' dir='ltr'><strong><em>Vw,</em></strong></span> <span class='ocrx_word' id='word_1_190' title='bbox 1231 2347 1266 2405; x_wconf 76' lang='lat' dir='ltr'><strong><em>qe.</em></strong></span> <span class='ocrx_word' id='word_1_191' title='bbox 1285 2328 1339 2403; x_wconf 83' lang='lat'><strong><em>30,</em></strong></span> <span class='ocrx_word' id='word_1_192' title='bbox 1370 2326 1489 2392; x_wconf 85' lang='lat' dir='ltr'><strong><em>codices</em></strong></span> <span class='ocrx_word' id='word_1_193' title='bbox 1516 2326 1627 2392; x_wconf 86' lang='lat' dir='ltr'><strong><em>classis</em></strong></span> <span class='ocrx_word' id='word_1_194' title='bbox 1647 2327 1679 2390; x_wconf 98' lang='lat' dir='ltr'><strong><em>A</em></strong></span> <span class='ocrx_word' id='word_1_195' title='bbox 1701 2328 1736 2391; x_wconf 91' lang='lat' dir='ltr'><strong><em>in</em></strong></span> <span class='ocrx_word' id='word_1_196' title='bbox 1759 2327 1842 2392; x_wconf 88' lang='lat' dir='ltr'><strong><em>duos</em></strong></span> 
     </span>
     <span class='ocr_line' id='line_1_17' title="bbox 188 2425 1840 2513; baseline 0.004 -23"><span class='ocrx_word' id='word_1_197' title='bbox 188 2425 303 2492; x_wconf 84' lang='lat' dir='ltr'><strong><em>classes</em></strong></span> <span class='ocrx_word' id='word_1_198' title='bbox 324 2428 445 2504; x_wconf 84' lang='lat' dir='ltr'><strong><em>divisit,</em></strong></span> <span class='ocrx_word' id='word_1_199' title='bbox 474 2447 612 2508; x_wconf 89' lang='lat' dir='ltr'><strong><em>quarum</em></strong></span> <span class='ocrx_word' id='word_1_200' title='bbox 634 2425 736 2490; x_wconf 88' lang='lat' dir='ltr'><strong><em>altero</em></strong></span> <span class='ocrx_word' id='word_1_201' title='bbox 758 2428 928 2492; x_wconf 81' lang='lat' dir='ltr'><strong><em>cordineret</em></strong></span> <span class='ocrx_word' id='word_1_202' title='bbox 948 2449 1011 2505; x_wconf 90' lang='lat' dir='ltr'><strong><em>cos,</em></strong></span> <span class='ocrx_word' id='word_1_203' title='bbox 1033 2429 1090 2509; x_wconf 88' lang='lat' dir='ltr'><strong><em>qui</em></strong></span> <span class='ocrx_word' id='word_1_204' title='bbox 1111 2427 1223 2493; x_wconf 78' lang='grc'>7737773</span> <span class='ocrx_word' id='word_1_205' title='bbox 1244 2434 1416 2507; x_wconf 81' lang='lat' dir='ltr'><strong><em>serentum,</em></strong></span> <span class='ocrx_word' id='word_1_206' title='bbox 1439 2429 1541 2494; x_wconf 77' lang='grc'>37773</span> <span class='ocrx_word' id='word_1_207' title='bbox 1563 2451 1625 2509; x_wconf 90' lang='grc'>333,</span> <span class='ocrx_word' id='word_1_208' title='bbox 1648 2431 1706 2513; x_wconf 92' lang='lat' dir='ltr'><strong><em>qui</em></strong></span> <span class='ocrx_word' id='word_1_209' title='bbox 1727 2431 1840 2512; x_wconf 79' lang='lat' dir='ltr'><strong><em>dqua-</em></strong></span> 
     </span>
     <span class='ocr_line' id='line_1_18' title="bbox 187 2530 1839 2613; baseline 0.002 -19"><span class='ocrx_word' id='word_1_210' title='bbox 187 2537 296 2595; x_wconf 86' lang='lat' dir='ltr'><strong><em>oatum</em></strong></span> <span class='ocrx_word' id='word_1_211' title='bbox 317 2531 464 2596; x_wconf 85' lang='lat' dir='ltr'><strong><em>baberent</em></strong></span> <span class='ocrx_word' id='word_1_212' title='bbox 486 2535 614 2595; x_wconf 78' lang='lat' dir='ltr'><strong><em>tentum.</em></strong></span> <span class='ocrx_word' id='word_1_213' title='bbox 663 2531 753 2612; x_wconf 77' lang='lat' dir='ltr'><strong><em>Quod</em></strong></span> <span class='ocrx_word' id='word_1_214' title='bbox 772 2530 892 2611; x_wconf 73' lang='lat' dir='ltr'><strong><em>folsmn</em></strong></span> <span class='ocrx_word' id='word_1_215' title='bbox 914 2537 967 2595; x_wconf 86' lang='lat' dir='ltr'><strong><em>cst.</em></strong></span> <span class='ocrx_word' id='word_1_216' title='bbox 1013 2532 1085 2597; x_wconf 89' lang='lat' dir='ltr'><strong><em>Iam</em></strong></span> <span class='ocrx_word' id='word_1_217' title='bbox 1107 2531 1252 2610; x_wconf 79' lang='lat' dir='ltr'><strong><em>Blnlimc‚</em></strong></span> <span class='ocrx_word' id='word_1_218' title='bbox 1277 2531 1344 2596; x_wconf 82' lang='lat' dir='ltr'><strong><em>LL.</em></strong></span> <span class='ocrx_word' id='word_1_219' title='bbox 1358 2533 1425 2610; x_wconf 93' lang='lat' dir='ltr'><strong><em>III,</em></strong></span> <span class='ocrx_word' id='word_1_220' title='bbox 1443 2553 1479 2613; x_wconf 77' lang='lat' dir='ltr'><strong><em>p.</em></strong></span> <span class='ocrx_word' id='word_1_221' title='bbox 1497 2535 1570 2600; x_wconf 83' lang='grc'>581.</span> <span class='ocrx_word' id='word_1_222' title='bbox 1593 2540 1674 2599; x_wconf 86' lang='lat' dir='ltr'><strong><em>reete</em></strong></span> <span class='ocrx_word' id='word_1_223' title='bbox 1696 2534 1839 2611; x_wconf 88' lang='lat' dir='ltr'><strong><em>ostendit,</em></strong></span> 
     </span>
     <span class='ocr_line' id='line_1_19' title="bbox 187 2633 1840 2718; baseline 0.002 -20"><span class='ocrx_word' id='word_1_224' title='bbox 187 2639 355 2717; x_wconf 86' lang='lat' dir='ltr'><strong><em>utromque</em></strong></span> <span class='ocrx_word' id='word_1_225' title='bbox 376 2657 397 2698; x_wconf 93' lang='grc'><strong><em>3</em></strong></span> <span class='ocrx_word' id='word_1_226' title='bbox 420 2633 544 2700; x_wconf 85' lang='lat' dir='ltr'><strong><em>Mcrbel</em></strong></span> <span class='ocrx_word' id='word_1_227' title='bbox 563 2635 703 2715; x_wconf 71' lang='lat' dir='ltr'><strong><em>positam</em></strong></span> <span class='ocrx_word' id='word_1_228' title='bbox 734 2633 862 2699; x_wconf 82' lang='lat' dir='ltr'><strong><em>classem</em></strong></span> <span class='ocrx_word' id='word_1_229' title='bbox 886 2636 1034 2715; x_wconf 71' lang='lat' dir='ltr'><strong><em>‘quiqui-is</em></strong></span> <span class='ocrx_word' id='word_1_230' title='bbox 1055 2637 1143 2700; x_wconf 87' lang='lat' dir='ltr'><strong><em>oitiis</em></strong></span> <span class='ocrx_word' id='word_1_231' title='bbox 1165 2635 1315 2702; x_wconf 89' lang='lat' dir='ltr'><strong><em>loborarc&#39;</em></strong></span> <span class='ocrx_word' id='word_1_232' title='bbox 1344 2637 1575 2718; x_wconf 87' lang='lat' dir='ltr'><strong><em>secundamque</em></strong></span> <span class='ocrx_word' id='word_1_233' title='bbox 1596 2637 1727 2703; x_wconf 86' lang='lat' dir='ltr'><strong><em>classem</em></strong></span> <span class='ocrx_word' id='word_1_234' title='bbox 1747 2638 1840 2702; x_wconf 83' lang='lat' dir='ltr'><strong><em>robus</em></strong></span> 
     </span>
     <span class='ocr_line' id='line_1_20' title="bbox 187 2737 1836 2821; baseline 0.001 -18"><span class='ocrx_word' id='word_1_235' title='bbox 187 2741 224 2805; x_wconf 90' lang='lat' dir='ltr'><strong><em>in</em></strong></span> <span class='ocrx_word' id='word_1_236' title='bbox 242 2740 352 2805; x_wconf 86' lang='lat' dir='ltr'><strong><em>multis</em></strong></span> <span class='ocrx_word' id='word_1_237' title='bbox 366 2739 632 2821; x_wconf 74' lang='lat' dir='ltr'><strong><em>quaestantiorem</em></strong></span> <span class='ocrx_word' id='word_1_238' title='bbox 647 2759 711 2804; x_wconf 89' lang='grc'>3333</span> <span class='ocrx_word' id='word_1_239' title='bbox 733 2737 830 2803; x_wconf 85' lang='grc'>373333</span> <span class='ocrx_word' id='word_1_240' title='bbox 845 2739 964 2818; x_wconf 77' lang='lat' dir='ltr'><strong><em>priore.</em></strong></span> <span class='ocrx_word' id='word_1_241' title='bbox 1003 2737 1115 2817; x_wconf 82' lang='lat' dir='ltr'><strong><em>Oodca,</em></strong></span> <span class='ocrx_word' id='word_1_242' title='bbox 1138 2761 1228 2821; x_wconf 88' lang='lat' dir='ltr'><strong><em>quem</em></strong></span> <span class='ocrx_word' id='word_1_243' title='bbox 1250 2741 1340 2820; x_wconf 73' lang='lat' dir='ltr'><strong><em>intra</em></strong></span> <span class='ocrx_word' id='word_1_244' title='bbox 1362 2738 1468 2804; x_wconf 85' lang='lat' dir='ltr'><strong><em>littera</em></strong></span> <span class='ocrx_word' id='word_1_245' title='bbox 1483 2741 1516 2804; x_wconf 88' lang='lat' dir='ltr'><strong><em>A</em></strong></span> <span class='ocrx_word' id='word_1_246' title='bbox 1532 2743 1543 2801; x_wconf 84' lang='lat'>1</span> <span class='ocrx_word' id='word_1_247' title='bbox 1562 2741 1751 2819; x_wconf 75' lang='lat' dir='ltr'><strong><em>notabimus,</em></strong></span> <span class='ocrx_word' id='word_1_248' title='bbox 1767 2761 1836 2804; x_wconf 87' lang='lat' dir='ltr'><strong><em>curn</em></strong></span> 
     </span>
    </p>

    <p class='ocr_par' dir='ltr' id='par_1_12' title="bbox 144 2841 1839 3338">
     <span class='ocr_line' id='line_1_21' title="bbox 144 2841 1839 2925; baseline -0.002 -13"><span class='ocrx_word' id='word_1_249' title='bbox 144 2873 171 2914; x_wconf 83' lang='lat'><strong><em>20</em></strong></span> <span class='ocrx_word' id='word_1_250' title='bbox 188 2845 299 2909; x_wconf 79' lang='lat' dir='ltr'><strong><em>celeres</em></strong></span> <span class='ocrx_word' id='word_1_251' title='bbox 320 2849 422 2908; x_wconf 87' lang='lat' dir='ltr'><strong><em>aetate</em></strong></span> <span class='ocrx_word' id='word_1_252' title='bbox 443 2844 546 2907; x_wconf 87' lang='lat' dir='ltr'><strong><em>maior</em></strong></span> <span class='ocrx_word' id='word_1_253' title='bbox 567 2843 620 2920; x_wconf 90' lang='lat' dir='ltr'><strong><em>sit,</em></strong></span> <span class='ocrx_word' id='word_1_254' title='bbox 642 2848 694 2906; x_wconf 90' lang='lat' dir='ltr'><strong><em>sat</em></strong></span> <span class='ocrx_word' id='word_1_255' title='bbox 708 2843 826 2922; x_wconf 74' lang='lat' dir='ltr'><strong><em>paucis</em></strong></span> <span class='ocrx_word' id='word_1_256' title='bbox 847 2841 1034 2923; x_wconf 80' lang='lat' dir='ltr'><strong><em>fraqmentis</em></strong></span> <span class='ocrx_word' id='word_1_257' title='bbox 1055 2843 1157 2923; x_wconf 87' lang='lat' dir='ltr'><strong><em>iisque</em></strong></span> <span class='ocrx_word' id='word_1_258' title='bbox 1178 2843 1346 2921; x_wconf 79' lang='lat' dir='ltr'><strong><em>becunosis,</em></strong></span> <span class='ocrx_word' id='word_1_259' title='bbox 1375 2843 1515 2908; x_wconf 89' lang='lat' dir='ltr'><strong><em>traditus</em></strong></span> <span class='ocrx_word' id='word_1_260' title='bbox 1542 2849 1596 2910; x_wconf 92' lang='grc'>337.</span> <span class='ocrx_word' id='word_1_261' title='bbox 1641 2844 1746 2925; x_wconf 83' lang='lat' dir='ltr'><strong><em>Atque</em></strong></span> <span class='ocrx_word' id='word_1_262' title='bbox 1767 2865 1839 2908; x_wconf 81' lang='grc'>3777</span> 
     </span>
     <span class='ocr_line' id='line_1_22' title="bbox 186 2945 1836 3028; baseline 0 -16"><span class='ocrx_word' id='word_1_263' title='bbox 186 2946 512 3028; x_wconf 61' lang='lat' dir='ltr'><strong><em>nicaenumque</em></strong></span> <span class='ocrx_word' id='word_1_264' title='bbox 539 2950 682 3010; x_wconf 84' lang='lat' dir='ltr'><strong><em>serratus</em></strong></span> <span class='ocrx_word' id='word_1_265' title='bbox 708 2946 765 3022; x_wconf 91' lang='lat' dir='ltr'><strong><em>sit,</em></strong></span> <span class='ocrx_word' id='word_1_266' title='bbox 788 2945 882 3009; x_wconf 87' lang='lat' dir='ltr'><strong><em>ceteri</em></strong></span> <span class='ocrx_word' id='word_1_267' title='bbox 910 2945 1029 3009; x_wconf 88' lang='lat' dir='ltr'><strong><em>codices</em></strong></span> <span class='ocrx_word' id='word_1_268' title='bbox 1056 2966 1286 3027; x_wconf 89' lang='lat' dir='ltr'><strong><em>nonnunquam</em></strong></span> <span class='ocrx_word' id='word_1_269' title='bbox 1315 2945 1472 3012; x_wconf 89' lang='lat' dir='ltr'><strong><em>meliorem</em></strong></span> <span class='ocrx_word' id='word_1_270' title='bbox 1487 2947 1641 3027; x_wconf 75' lang='lat' dir='ltr'><strong><em>qnaebent</em></strong></span> <span class='ocrx_word' id='word_1_271' title='bbox 1668 2947 1836 3014; x_wconf 80' lang='grc'>7337737377.</span> 
     </span>
     <span class='ocr_line' id='line_1_23' title="bbox 189 3048 1837 3140; baseline 0.002 -26"><span class='ocrx_word' id='word_1_272' title='bbox 189 3051 280 3134; x_wconf 78' lang='lat' dir='ltr'><strong><em>Quod</em></strong></span> <span class='ocrx_word' id='word_1_273' title='bbox 301 3055 406 3114; x_wconf 89' lang='lat' dir='ltr'><strong><em>autem</em></strong></span> <span class='ocrx_word' id='word_1_274' title='bbox 430 3051 579 3130; x_wconf 82' lang='lat' dir='ltr'><strong><em>inteqrior</em></strong></span> <span class='ocrx_word' id='word_1_275' title='bbox 601 3054 646 3113; x_wconf 86' lang='lat' dir='ltr'><strong><em>cst</em></strong></span> <span class='ocrx_word' id='word_1_276' title='bbox 668 3048 798 3130; x_wconf 87' lang='lat' dir='ltr'><strong><em>reliquis</em></strong></span> <span class='ocrx_word' id='word_1_277' title='bbox 820 3053 849 3111; x_wconf 92' lang='lat' dir='ltr'><strong><em>ct</em></strong></span> <span class='ocrx_word' id='word_1_278' title='bbox 870 3049 954 3128; x_wconf 85' lang='lat' dir='ltr'><strong><em>quod</em></strong></span> <span class='ocrx_word' id='word_1_279' title='bbox 975 3049 1136 3113; x_wconf 88' lang='lat' dir='ltr'><strong><em>rectiorem</em></strong></span> <span class='ocrx_word' id='word_1_280' title='bbox 1158 3049 1249 3114; x_wconf 78' lang='grc'>733637</span> <span class='ocrx_word' id='word_1_281' title='bbox 1263 3050 1509 3130; x_wconf 74' lang='lat' dir='ltr'><strong><em>inser-qitionenr,</em></strong></span> <span class='ocrx_word' id='word_1_282' title='bbox 1532 3052 1690 3140; x_wconf 78' lang='lat' dir='ltr'><strong><em>codicibus</em></strong></span> <span class='ocrx_word' id='word_1_283' title='bbox 1711 3053 1837 3117; x_wconf 72' lang='lat' dir='ltr'><strong><em>ela-5</em></strong></span> 
     </span>
     <span class='ocr_line' id='line_1_24' title="bbox 186 3153 1838 3244; baseline -0.001 -24"><span class='ocrx_word' id='word_1_284' title='bbox 186 3154 422 3235; x_wconf 72' lang='lat' dir='ltr'><strong><em>anteponendus</em></strong></span> <span class='ocrx_word' id='word_1_285' title='bbox 444 3159 497 3218; x_wconf 84' lang='lat' dir='ltr'><strong><em>cst.</em></strong></span> <span class='ocrx_word' id='word_1_286' title='bbox 545 3153 724 3234; x_wconf 73' lang='lat' dir='ltr'><strong><em>Propinqui</em></strong></span> <span class='ocrx_word' id='word_1_287' title='bbox 746 3153 829 3216; x_wconf 84' lang='lat' dir='ltr'><strong><em>inter</em></strong></span> <span class='ocrx_word' id='word_1_288' title='bbox 850 3174 882 3216; x_wconf 90' lang='grc'><strong><em>33</em></strong></span> <span class='ocrx_word' id='word_1_289' title='bbox 910 3157 986 3217; x_wconf 89' lang='lat' dir='ltr'><strong><em>sunt</em></strong></span> <span class='ocrx_word' id='word_1_290' title='bbox 1012 3154 1131 3218; x_wconf 85' lang='lat' dir='ltr'><strong><em>codices</em></strong></span> <span class='ocrx_word' id='word_1_291' title='bbox 1152 3154 1218 3218; x_wconf 75' lang='lat' dir='ltr'><strong><em>Ab</em></strong></span> <span class='ocrx_word' id='word_1_292' title='bbox 1240 3159 1269 3219; x_wconf 92' lang='grc'><strong><em>37</em></strong></span> <span class='ocrx_word' id='word_1_293' title='bbox 1292 3153 1370 3231; x_wconf 82' lang='grc' dir='ltr'>Α1,</span> <span class='ocrx_word' id='word_1_294' title='bbox 1394 3154 1456 3217; x_wconf 82' lang='lat' dir='ltr'><strong><em>Ab</em></strong></span> <span class='ocrx_word' id='word_1_295' title='bbox 1487 3175 1579 3233; x_wconf 77' lang='lat' dir='ltr'><strong><em>saepe</em></strong></span> <span class='ocrx_word' id='word_1_296' title='bbox 1607 3153 1838 3244; x_wconf 85' lang='lat' dir='ltr'><strong><em>adlcctioncrn</em></strong></span> 
     </span>
     <span class='ocr_line' id='line_1_25' title="bbox 186 3255 1839 3338; baseline -0.001 -15"><span class='ocrx_word' id='word_1_297' title='bbox 186 3259 302 3324; x_wconf 88' lang='lat' dir='ltr'><strong><em>codicis</em></strong></span> <span class='ocrx_word' id='word_1_298' title='bbox 317 3260 380 3323; x_wconf 78' lang='lat' dir='ltr'><strong><em>Ae</em></strong></span> <span class='ocrx_word' id='word_1_299' title='bbox 397 3257 535 3338; x_wconf 65' lang='lat' dir='ltr'><strong><em>quamius</em></strong></span> <span class='ocrx_word' id='word_1_300' title='bbox 556 3257 726 3321; x_wconf 78' lang='grc'>33773773.</span> <span class='ocrx_word' id='word_1_301' title='bbox 762 3255 932 3336; x_wconf 80' lang='lat' dir='ltr'><strong><em>Permram</em></strong></span> <span class='ocrx_word' id='word_1_302' title='bbox 954 3262 1059 3321; x_wconf 84' lang='lat' dir='ltr'><strong><em>aedem</em></strong></span> <span class='ocrx_word' id='word_1_303' title='bbox 1075 3256 1276 3334; x_wconf 80' lang='lat' dir='ltr'><strong><em>Girmedbiac,</em></strong></span> <span class='ocrx_word' id='word_1_304' title='bbox 1305 3257 1324 3320; x_wconf 94' lang='lat' dir='ltr'><strong><em>l.</em></strong></span> <span class='ocrx_word' id='word_1_305' title='bbox 1341 3279 1366 3321; x_wconf 91' lang='lat' dir='ltr'><strong><em>c.</em></strong></span> <span class='ocrx_word' id='word_1_306' title='bbox 1382 3279 1419 3337; x_wconf 75' lang='lat' dir='ltr'><strong><em>qr.</em></strong></span> <span class='ocrx_word' id='word_1_307' title='bbox 1437 3262 1498 3322; x_wconf 83' lang='grc'><strong><em>516</em></strong></span> <span class='ocrx_word' id='word_1_308' title='bbox 1514 3278 1558 3338; x_wconf 87' lang='lat' dir='ltr'><strong><em>sq.</em></strong></span> <span class='ocrx_word' id='word_1_309' title='bbox 1565 3277 1576 3336; x_wconf 91' lang='grc'><strong><em>,·</em></strong></span> <span class='ocrx_word' id='word_1_310' title='bbox 1601 3279 1636 3338; x_wconf 77' lang='lat' dir='ltr'><strong><em>p.</em></strong></span> <span class='ocrx_word' id='word_1_311' title='bbox 1654 3259 1716 3322; x_wconf 85' lang='grc'>569</span> <span class='ocrx_word' id='word_1_312' title='bbox 1732 3279 1776 3338; x_wconf 86' lang='lat' dir='ltr'><strong><em>sq.</em></strong></span> <span class='ocrx_word' id='word_1_313' title='bbox 1800 3279 1839 3322; x_wconf 80' lang='grc'><strong><em>33</em></strong></span> 
     </span>
    </p>

    <p class='ocr_par' dir='ltr' id='par_1_13' title="bbox 143 3359 1839 3858">
     <span class='ocr_line' id='line_1_26' title="bbox 143 3359 1839 3443; baseline -0.002 -16"><span class='ocrx_word' id='word_1_314' title='bbox 143 3397 168 3437; x_wconf 79' lang='lat' dir='ltr'><strong><em>n</em></strong></span> <span class='ocrx_word' id='word_1_315' title='bbox 186 3363 311 3428; x_wconf 87' lang='lat' dir='ltr'><strong><em>diversa</em></strong></span> <span class='ocrx_word' id='word_1_316' title='bbox 341 3361 482 3426; x_wconf 85' lang='lat' dir='ltr'><strong><em>codicum</em></strong></span> <span class='ocrx_word' id='word_1_317' title='bbox 510 3361 615 3442; x_wconf 79' lang='lat' dir='ltr'><strong><em>farina</em></strong></span> <span class='ocrx_word' id='word_1_318' title='bbox 640 3359 811 3438; x_wconf 78' lang='lat' dir='ltr'><strong><em>emecludit,</em></strong></span> <span class='ocrx_word' id='word_1_319' title='bbox 845 3360 1102 3442; x_wconf 85' lang='lat' dir='ltr'><strong><em>distinquendum</em></strong></span> <span class='ocrx_word' id='word_1_320' title='bbox 1136 3382 1201 3426; x_wconf 89' lang='grc'>3333</span> <span class='ocrx_word' id='word_1_321' title='bbox 1233 3362 1316 3426; x_wconf 83' lang='lat' dir='ltr'><strong><em>inter</em></strong></span> <span class='ocrx_word' id='word_1_322' title='bbox 1348 3365 1499 3442; x_wconf 75' lang='lat' dir='ltr'><strong><em>qemttuor</em></strong></span> <span class='ocrx_word' id='word_1_323' title='bbox 1532 3361 1737 3426; x_wconf 85' lang='lat' dir='ltr'><strong><em>tractationes</em></strong></span> <span class='ocrx_word' id='word_1_324' title='bbox 1764 3361 1839 3443; x_wconf 85' lang='lat' dir='ltr'><strong><em>leqis</em></strong></span> 
     </span>
     <span class='ocr_line' id='line_1_27' title="bbox 186 3447 1838 3547; baseline -0.002 -16"><span class='ocrx_word' id='word_1_325' title='bbox 186 3465 360 3532; x_wconf 78' lang='grc'>77773733.</span> <span class='ocrx_word' id='word_1_326' title='bbox 408 3465 498 3547; x_wconf 78' lang='lat' dir='ltr'><strong><em>Quod</em></strong></span> <span class='ocrx_word' id='word_1_327' title='bbox 519 3466 584 3528; x_wconf 38' lang='lat' dir='ltr'><strong><em>&#39;iam</em></strong></span> <span class='ocrx_word' id='word_1_328' title='bbox 607 3485 644 3528; x_wconf 90' lang='lat' dir='ltr'><strong><em>ca</em></strong></span> <span class='ocrx_word' id='word_1_329' title='bbox 666 3465 703 3528; x_wconf 89' lang='lat' dir='ltr'><strong><em>dc</em></strong></span> <span class='ocrx_word' id='word_1_330' title='bbox 725 3483 824 3527; x_wconf 87' lang='lat' dir='ltr'><strong><em>consa</em></strong></span> <span class='ocrx_word' id='word_1_331' title='bbox 845 3484 910 3528; x_wconf 89' lang='lat' dir='ltr'><strong><em>non</em></strong></span> <span class='ocrx_word' id='word_1_332' title='bbox 925 3463 1128 3545; x_wconf 74' lang='lat' dir='ltr'><strong><em>probandum</em></strong></span> <span class='ocrx_word' id='word_1_333' title='bbox 1151 3485 1214 3529; x_wconf 91' lang='grc'>3333</span> <span class='ocrx_word' id='word_1_334' title='bbox 1236 3464 1370 3543; x_wconf 83' lang='lat' dir='ltr'><strong><em>ridetur,</em></strong></span> <span class='ocrx_word' id='word_1_335' title='bbox 1397 3464 1482 3546; x_wconf 91' lang='lat' dir='ltr'><strong><em>quod</em></strong></span> <span class='ocrx_word' id='word_1_336' title='bbox 1503 3485 1554 3543; x_wconf 91' lang='lat' dir='ltr'><strong><em>ca,</em></strong></span> <span class='ocrx_word' id='word_1_337' title='bbox 1582 3447 1698 3546; x_wconf 81' lang='lat' dir='ltr'><strong><em>quibus</em></strong></span> <span class='ocrx_word' id='word_1_338' title='bbox 1719 3465 1838 3530; x_wconf 86' lang='lat' dir='ltr'><strong><em>codices</em></strong></span> 
     </span>
     <span class='ocr_line' id='line_1_28' title="bbox 184 3566 1836 3648; baseline -0.001 -14"><span class='ocrx_word' id='word_1_339' title='bbox 184 3571 268 3635; x_wconf 81' lang='lat' dir='ltr'><strong><em>inter</em></strong></span> <span class='ocrx_word' id='word_1_340' title='bbox 289 3592 322 3635; x_wconf 87' lang='grc'><strong><em>33</em></strong></span> <span class='ocrx_word' id='word_1_341' title='bbox 343 3570 478 3647; x_wconf 87' lang='grc'>7737337,</span> <span class='ocrx_word' id='word_1_342' title='bbox 508 3569 603 3632; x_wconf 89' lang='lat' dir='ltr'><strong><em>ctiam</em></strong></span> <span class='ocrx_word' id='word_1_343' title='bbox 625 3566 688 3631; x_wconf 87' lang='lat' dir='ltr'><strong><em>olio</em></strong></span> <span class='ocrx_word' id='word_1_344' title='bbox 710 3567 798 3631; x_wconf 89' lang='lat' dir='ltr'><strong><em>modo</em></strong></span> <span class='ocrx_word' id='word_1_345' title='bbox 821 3567 976 3648; x_wconf 78' lang='lat' dir='ltr'><strong><em>ceqelicari</em></strong></span> <span class='ocrx_word' id='word_1_346' title='bbox 991 3574 1142 3648; x_wconf 77' lang='lat' dir='ltr'><strong><em>possunt,</em></strong></span> <span class='ocrx_word' id='word_1_347' title='bbox 1165 3573 1332 3648; x_wconf 77' lang='lat' dir='ltr'><strong><em>qnaetcrea</em></strong></span> <span class='ocrx_word' id='word_1_348' title='bbox 1354 3573 1460 3632; x_wconf 87' lang='lat' dir='ltr'><strong><em>autern</em></strong></span> <span class='ocrx_word' id='word_1_349' title='bbox 1481 3567 1601 3631; x_wconf 88' lang='lat' dir='ltr'><strong><em>codices</em></strong></span> <span class='ocrx_word' id='word_1_350' title='bbox 1621 3587 1685 3633; x_wconf 90' lang='lat' dir='ltr'><strong><em>non</em></strong></span> <span class='ocrx_word' id='word_1_351' title='bbox 1707 3589 1741 3632; x_wconf 91' lang='lat' dir='ltr'><strong><em>co</em></strong></span> <span class='ocrx_word' id='word_1_352' title='bbox 1762 3574 1836 3633; x_wconf 87' lang='lat' dir='ltr'><strong><em>tcm-</em></strong></span> 
     </span>
     <span class='ocr_line' id='line_1_29' title="bbox 177 3669 1836 3755; baseline -0.001 -17"><span class='ocrx_word' id='word_1_353' title='bbox 177 3695 258 3755; x_wconf 76' lang='lat' dir='ltr'><strong><em>porc</em></strong></span> <span class='ocrx_word' id='word_1_354' title='bbox 284 3673 454 3754; x_wconf 77' lang='lat' dir='ltr'><strong><em>emiseriqeti</em></strong></span> <span class='ocrx_word' id='word_1_355' title='bbox 484 3693 548 3735; x_wconf 87' lang='lat' dir='ltr'><strong><em>csse</em></strong></span> <span class='ocrx_word' id='word_1_356' title='bbox 577 3671 723 3734; x_wconf 84' lang='lat' dir='ltr'><strong><em>ridentur</em></strong></span> <span class='ocrx_word' id='word_1_357' title='bbox 745 3691 806 3751; x_wconf 90' lang='lat' dir='ltr'><strong><em>quo</em></strong></span> <span class='ocrx_word' id='word_1_358' title='bbox 829 3669 878 3735; x_wconf 79' lang='lat' dir='ltr'><strong><em>lca</em></strong></span> <span class='ocrx_word' id='word_1_359' title='bbox 900 3675 1074 3734; x_wconf 85' lang='lat' dir='ltr'><strong><em>retractata</em></strong></span> <span class='ocrx_word' id='word_1_360' title='bbox 1096 3693 1160 3735; x_wconf 87' lang='grc'>3333</span> <span class='ocrx_word' id='word_1_361' title='bbox 1182 3671 1317 3748; x_wconf 85' lang='lat' dir='ltr'><strong><em>dicitur;</em></strong></span> <span class='ocrx_word' id='word_1_362' title='bbox 1350 3670 1407 3752; x_wconf 78' lang='lat' dir='ltr'><strong><em>cfr.</em></strong></span> <span class='ocrx_word' id='word_1_363' title='bbox 1432 3670 1569 3736; x_wconf 86' lang='lat' dir='ltr'><strong><em>Blubme</em></strong></span> <span class='ocrx_word' id='word_1_364' title='bbox 1597 3672 1632 3736; x_wconf 90' lang='lat' dir='ltr'><strong><em>in</em></strong></span> <span class='ocrx_word' id='word_1_365' title='bbox 1655 3671 1836 3736; x_wconf 83' lang='lat' dir='ltr'><strong><em>‘Jalerbucb’</em></strong></span> 
     </span>
     <span class='ocr_line' id='line_1_30' title="bbox 185 3779 376 3858; baseline -0.01 -16"><span class='ocrx_word' id='word_1_366' title='bbox 185 3779 233 3857; x_wconf 87' lang='lat' dir='ltr'><strong><em>II,</em></strong></span> <span class='ocrx_word' id='word_1_367' title='bbox 251 3799 286 3858; x_wconf 77' lang='lat' dir='ltr'><strong><em>qr.</em></strong></span> <span class='ocrx_word' id='word_1_368' title='bbox 304 3780 376 3842; x_wconf 77' lang='lat'><strong>204.</strong></span> 
     </span>
    </p>

    <p class='ocr_par' dir='ltr' id='par_1_14' title="bbox 142 3878 915 3962">
     <span class='ocr_line' id='line_1_31' title="bbox 142 3878 915 3962; baseline -0.004 -17"><span class='ocrx_word' id='word_1_369' title='bbox 142 3913 168 3952; x_wconf 68' lang='lat'><strong><em>³0</em></strong></span> <span class='ocrx_word' id='word_1_370' title='bbox 293 3881 348 3946; x_wconf 86' lang='lat' dir='ltr'><strong><em>Ad</em></strong></span> <span class='ocrx_word' id='word_1_371' title='bbox 368 3879 496 3962; x_wconf 83' lang='lat' dir='ltr'><strong><em>sinqnla</em></strong></span> <span class='ocrx_word' id='word_1_372' title='bbox 518 3880 593 3944; x_wconf 85' lang='lat' dir='ltr'><strong><em>bace</em></strong></span> <span class='ocrx_word' id='word_1_373' title='bbox 615 3883 691 3943; x_wconf 86' lang='grc'>3777</span> <span class='ocrx_word' id='word_1_374' title='bbox 712 3878 915 3944; x_wconf 81' lang='lat' dir='ltr'><strong><em>aelnotumlo:</em></strong></span> 
     </span>
    </p>

    <p class='ocr_par' dir='ltr' id='par_1_15' title="bbox 183 3981 1838 4378">
     <span class='ocr_line' id='line_1_32' title="bbox 293 3981 1835 4064; baseline -0.004 -14"><span class='ocrx_word' id='word_1_375' title='bbox 293 3986 326 4050; x_wconf 88' lang='lat' dir='ltr'><strong><em>A</em></strong></span> <span class='ocrx_word' id='word_1_376' title='bbox 341 3992 368 4051; x_wconf 91' lang='grc'>1.</span> <span class='ocrx_word' id='word_1_377' title='bbox 416 3984 520 4052; x_wconf 79' lang='lat' dir='ltr'><strong><em>Cadra</em></strong></span> <span class='ocrx_word' id='word_1_378' title='bbox 539 3983 756 4048; x_wconf 88' lang='lat' dir='ltr'><strong><em>Vaticanus</em></strong></span> <span class='ocrx_word' id='word_1_379' title='bbox 771 3984 911 4047; x_wconf 88' lang='lat' dir='ltr'><strong><em>Latinus</em></strong></span> <span class='ocrx_word' id='word_1_380' title='bbox 927 3986 1010 4046; x_wconf 88' lang='grc'>5766</span> <span class='ocrx_word' id='word_1_381' title='bbox 1033 3982 1153 4046; x_wconf 78' lang='lat' dir='ltr'><strong><em>succidi</em></strong></span> <span class='ocrx_word' id='word_1_382' title='bbox 1171 3981 1245 4060; x_wconf 89' lang='lat' dir='ltr'><strong><em>VII,</em></strong></span> <span class='ocrx_word' id='word_1_383' title='bbox 1267 4005 1359 4064; x_wconf 88' lang='lat' dir='ltr'><strong><em>qncm</em></strong></span> <span class='ocrx_word' id='word_1_384' title='bbox 1375 3981 1520 4060; x_wconf 86' lang='lat' dir='ltr'><strong><em>Blubmc,</em></strong></span> <span class='ocrx_word' id='word_1_385' title='bbox 1543 3983 1611 4047; x_wconf 86' lang='lat' dir='ltr'><strong><em>LL.</em></strong></span> <span class='ocrx_word' id='word_1_386' title='bbox 1625 3982 1695 4059; x_wconf 89' lang='lat' dir='ltr'><strong><em>III,</em></strong></span> <span class='ocrx_word' id='word_1_387' title='bbox 1713 4003 1748 4062; x_wconf 78' lang='lat' dir='ltr'><strong><em>p.</em></strong></span> <span class='ocrx_word' id='word_1_388' title='bbox 1762 3983 1835 4047; x_wconf 76' lang='lat'>582.</span> 
     </span>
     <span class='ocr_line' id='line_1_33' title="bbox 185 4085 1836 4170; baseline -0.004 -15"><span class='ocrx_word' id='word_1_389' title='bbox 185 4090 360 4170; x_wconf 67' lang='grc'>7333713377.</span> <span class='ocrx_word' id='word_1_390' title='bbox 399 4089 544 4155; x_wconf 79' lang='lat' dir='ltr'><strong><em>Continet</em></strong></span> <span class='ocrx_word' id='word_1_391' title='bbox 563 4088 713 4169; x_wconf 72' lang='grc'>73777314.</span> <span class='ocrx_word' id='word_1_392' title='bbox 728 4091 777 4151; x_wconf 85' lang='grc'>15.</span> <span class='ocrx_word' id='word_1_393' title='bbox 801 4087 979 4170; x_wconf 78' lang='lat' dir='ltr'><strong><em>froqnienta</em></strong></span> <span class='ocrx_word' id='word_1_394' title='bbox 1000 4085 1166 4150; x_wconf 83' lang='lat' dir='ltr'><strong><em>titulorum</em></strong></span> <span class='ocrx_word' id='word_1_395' title='bbox 1181 4089 1318 4151; x_wconf 80' lang='lat'><strong>28-36.</strong></span> <span class='ocrx_word' id='word_1_396' title='bbox 1341 4085 1417 4168; x_wconf 81' lang='lat' dir='ltr'><strong><em>lcqis</em></strong></span> <span class='ocrx_word' id='word_1_397' title='bbox 1440 4086 1620 4164; x_wconf 62' lang='lat' dir='ltr'><strong><em>Romanum</em></strong></span> <span class='ocrx_word' id='word_1_398' title='bbox 1650 4089 1836 4149; x_wconf 89' lang='lat' dir='ltr'><strong><em>accuratum</em></strong></span> 
     </span>
     <span class='ocr_line' id='line_1_34' title="bbox 183 4187 1838 4274; baseline -0.002 -18"><span class='ocrx_word' id='word_1_399' title='bbox 183 4193 400 4274; x_wconf 72' lang='lat' dir='ltr'><strong><em>aqeoqraplmm</em></strong></span> <span class='ocrx_word' id='word_1_400' title='bbox 431 4191 557 4258; x_wconf 88' lang='lat' dir='ltr'><strong><em>illorum</em></strong></span> <span class='ocrx_word' id='word_1_401' title='bbox 584 4191 732 4272; x_wconf 78' lang='lat' dir='ltr'><strong><em>sol-iorum</em></strong></span> <span class='ocrx_word' id='word_1_402' title='bbox 759 4214 780 4255; x_wconf 91' lang='lat' dir='ltr'><strong><em>a</em></strong></span> <span class='ocrx_word' id='word_1_403' title='bbox 803 4189 911 4256; x_wconf 86' lang='lat' dir='ltr'><strong><em>Dctler</em></strong></span> <span class='ocrx_word' id='word_1_404' title='bbox 934 4189 1105 4268; x_wconf 82' lang='lat' dir='ltr'><strong><em>Detlcffsen</em></strong></span> <span class='ocrx_word' id='word_1_405' title='bbox 1133 4194 1280 4253; x_wconf 87' lang='lat' dir='ltr'><strong><em>curatum</em></strong></span> <span class='ocrx_word' id='word_1_406' title='bbox 1302 4188 1440 4254; x_wconf 82' lang='lat' dir='ltr'><strong><em>Blubme</em></strong></span> <span class='ocrx_word' id='word_1_407' title='bbox 1469 4188 1609 4254; x_wconf 86' lang='lat' dir='ltr'><strong><em>reddidit</em></strong></span> <span class='ocrx_word' id='word_1_408' title='bbox 1640 4190 1677 4252; x_wconf 89' lang='lat' dir='ltr'><strong><em>in</em></strong></span> <span class='ocrx_word' id='word_1_409' title='bbox 1703 4187 1838 4253; x_wconf 88' lang='lat' dir='ltr'><strong><em>editione</em></strong></span> 
     </span>
     <span class='ocr_line' id='line_1_35' title="bbox 184 4297 484 4378; baseline -0.007 -16"><span class='ocrx_word' id='word_1_410' title='bbox 184 4319 244 4362; x_wconf 89' lang='grc'><strong><em>373</em></strong></span> <span class='ocrx_word' id='word_1_411' title='bbox 266 4297 286 4362; x_wconf 89' lang='grc'><strong><em>7.</em></strong></span> <span class='ocrx_word' id='word_1_412' title='bbox 309 4318 334 4362; x_wconf 93' lang='lat' dir='ltr'><strong><em>c.</em></strong></span> <span class='ocrx_word' id='word_1_413' title='bbox 352 4320 387 4378; x_wconf 78' lang='lat' dir='ltr'><strong><em>qr.</em></strong></span> <span class='ocrx_word' id='word_1_414' title='bbox 412 4298 484 4362; x_wconf 81' lang='lat'>583.</span> 
     </span>
    </p>

    <p class='ocr_par' dir='ltr' id='par_1_16' title="bbox 141 4395 1837 4898">
     <span class='ocr_line' id='line_1_36' title="bbox 141 4395 1835 4478; baseline -0.004 -12"><span class='ocrx_word' id='word_1_415' title='bbox 141 4427 166 4466; x_wconf 81' lang='grc'><strong><em>33</em></strong></span> <span class='ocrx_word' id='word_1_416' title='bbox 293 4402 365 4468; x_wconf 72' lang='lat' dir='ltr'><strong><em>Aa.</em></strong></span> <span class='ocrx_word' id='word_1_417' title='bbox 414 4399 518 4466; x_wconf 82' lang='lat' dir='ltr'><strong><em>Oodcrc</em></strong></span> <span class='ocrx_word' id='word_1_418' title='bbox 541 4399 763 4465; x_wconf 88' lang='lat' dir='ltr'><strong><em>Vaticanus</em></strong></span> <span class='ocrx_word' id='word_1_419' title='bbox 778 4401 871 4478; x_wconf 80' lang='grc'>7177,</span> <span class='ocrx_word' id='word_1_420' title='bbox 900 4397 974 4462; x_wconf 87' lang='lat' dir='ltr'><strong><em>olim</em></strong></span> <span class='ocrx_word' id='word_1_421' title='bbox 991 4396 1220 4463; x_wconf 89' lang='lat' dir='ltr'><strong><em>Ottobonianns</em></strong></span> <span class='ocrx_word' id='word_1_422' title='bbox 1247 4395 1293 4460; x_wconf 87' lang='lat' dir='ltr'><strong><em>vel</em></strong></span> <span class='ocrx_word' id='word_1_423' title='bbox 1314 4395 1572 4474; x_wconf 81' lang='lat' dir='ltr'><strong><em>Armedntianus,</em></strong></span> <span class='ocrx_word' id='word_1_424' title='bbox 1595 4397 1720 4462; x_wconf 77' lang='lat' dir='ltr'><strong><em>sacerdo</em></strong></span> <span class='ocrx_word' id='word_1_425' title='bbox 1739 4395 1835 4462; x_wconf 86' lang='lat' dir='ltr'><strong><em>VIII.</em></strong></span> 
     </span>
     <span class='ocr_line' id='line_1_37' title="bbox 183 4487 1836 4586; baseline -0.002 -20"><span class='ocrx_word' id='word_1_426' title='bbox 183 4503 230 4568; x_wconf 93' lang='lat' dir='ltr'><strong><em>oel</em></strong></span> <span class='ocrx_word' id='word_1_427' title='bbox 243 4504 310 4571; x_wconf 87' lang='lat' dir='ltr'><strong><em>IX.</em></strong></span> <span class='ocrx_word' id='word_1_428' title='bbox 333 4505 484 4586; x_wconf 71' lang='lat' dir='ltr'><strong><em>scriptus,</em></strong></span> <span class='ocrx_word' id='word_1_429' title='bbox 518 4526 608 4585; x_wconf 87' lang='lat' dir='ltr'><strong><em>quem</em></strong></span> <span class='ocrx_word' id='word_1_430' title='bbox 630 4503 795 4584; x_wconf 71' lang='lat' dir='ltr'><strong><em>descripsit</em></strong></span> <span class='ocrx_word' id='word_1_431' title='bbox 816 4501 967 4579; x_wconf 85' lang='lat' dir='ltr'><strong><em>Blubrnc,</em></strong></span> <span class='ocrx_word' id='word_1_432' title='bbox 997 4501 1065 4563; x_wconf 87' lang='lat' dir='ltr'><strong><em>LL.</em></strong></span> <span class='ocrx_word' id='word_1_433' title='bbox 1081 4487 1153 4577; x_wconf 82' lang='lat' dir='ltr'><strong><em>III,</em></strong></span> <span class='ocrx_word' id='word_1_434' title='bbox 1175 4503 1301 4580; x_wconf 76' lang='lat'><strong><em>1›.584,</em></strong></span> <span class='ocrx_word' id='word_1_435' title='bbox 1324 4498 1480 4565; x_wconf 83' lang='grc'>73777773</span> <span class='ocrx_word' id='word_1_436' title='bbox 1501 4499 1623 4564; x_wconf 78' lang='lat' dir='ltr'><strong><em>addens</em></strong></span> <span class='ocrx_word' id='word_1_437' title='bbox 1644 4499 1682 4564; x_wconf 85' lang='lat' dir='ltr'><strong><em>dc</em></strong></span> <span class='ocrx_word' id='word_1_438' title='bbox 1703 4500 1836 4580; x_wconf 79' lang='lat' dir='ltr'><strong><em>fortuna</em></strong></span> 
     </span>
     <span class='ocr_line' id='line_1_38' title="bbox 183 4601 1837 4688; baseline -0.004 -15"><span class='ocrx_word' id='word_1_439' title='bbox 183 4607 281 4673; x_wconf 85' lang='lat' dir='ltr'><strong><em>buius</em></strong></span> <span class='ocrx_word' id='word_1_440' title='bbox 307 4609 435 4684; x_wconf 85' lang='lat' dir='ltr'><strong><em>codicis,</em></strong></span> <span class='ocrx_word' id='word_1_441' title='bbox 463 4607 551 4688; x_wconf 80' lang='lat' dir='ltr'><strong><em>foliis</em></strong></span> <span class='ocrx_word' id='word_1_442' title='bbox 568 4609 694 4671; x_wconf 82' lang='lat' dir='ltr'><strong><em>r-·23.</em></strong></span> <span class='ocrx_word' id='word_1_443' title='bbox 723 4605 816 4688; x_wconf 73' lang='grc'>733377</span> <span class='ocrx_word' id='word_1_444' title='bbox 843 4606 1022 4670; x_wconf 60' lang='lat' dir='ltr'><strong><em>minanam</em></strong></span> <span class='ocrx_word' id='word_1_445' title='bbox 1051 4605 1203 4681; x_wconf 87' lang='grc'>33777737;</span> <span class='ocrx_word' id='word_1_446' title='bbox 1237 4601 1364 4683; x_wconf 77' lang='lat' dir='ltr'><strong><em>folium,</em></strong></span> <span class='ocrx_word' id='word_1_447' title='bbox 1395 4602 1480 4685; x_wconf 88' lang='lat' dir='ltr'><strong><em>quod</em></strong></span> <span class='ocrx_word' id='word_1_448' title='bbox 1508 4602 1681 4667; x_wconf 84' lang='lat' dir='ltr'><strong><em>secundnm</em></strong></span> <span class='ocrx_word' id='word_1_449' title='bbox 1709 4608 1778 4668; x_wconf 87' lang='lat' dir='ltr'><strong><em>erat</em></strong></span> <span class='ocrx_word' id='word_1_450' title='bbox 1807 4609 1837 4668; x_wconf 89' lang='lat' dir='ltr'><strong><em>ct</em></strong></span> 
     </span>
     <span class='ocr_line' id='line_1_39' title="bbox 183 4706 1836 4794; baseline -0.004 -18"><span class='ocrx_word' id='word_1_451' title='bbox 183 4713 219 4777; x_wconf 94' lang='lat' dir='ltr'><strong><em>in</em></strong></span> <span class='ocrx_word' id='word_1_452' title='bbox 246 4733 307 4794; x_wconf 92' lang='lat' dir='ltr'><strong><em>quo</em></strong></span> <span class='ocrx_word' id='word_1_453' title='bbox 334 4713 476 4776; x_wconf 81' lang='lat' dir='ltr'><strong><em>omnimo</em></strong></span> <span class='ocrx_word' id='word_1_454' title='bbox 496 4733 579 4793; x_wconf 74' lang='lat' dir='ltr'><strong><em>pars</em></strong></span> <span class='ocrx_word' id='word_1_455' title='bbox 606 4711 723 4776; x_wconf 89' lang='lat' dir='ltr'><strong><em>indicis</em></strong></span> <span class='ocrx_word' id='word_1_456' title='bbox 748 4711 903 4791; x_wconf 78' lang='lat' dir='ltr'><strong><em>inscripta</em></strong></span> <span class='ocrx_word' id='word_1_457' title='bbox 931 4714 1015 4787; x_wconf 91' lang='lat' dir='ltr'><strong><em>erat,</em></strong></span> <span class='ocrx_word' id='word_1_458' title='bbox 1045 4708 1212 4771; x_wconf 86' lang='lat' dir='ltr'><strong><em>discissum</em></strong></span> <span class='ocrx_word' id='word_1_459' title='bbox 1240 4707 1332 4772; x_wconf 85' lang='lat' dir='ltr'><strong><em>deest.</em></strong></span> <span class='ocrx_word' id='word_1_460' title='bbox 1376 4706 1574 4771; x_wconf 84' lang='lat' dir='ltr'><strong><em>Amadutins</em></strong></span> <span class='ocrx_word' id='word_1_461' title='bbox 1602 4707 1639 4770; x_wconf 90' lang='grc'><strong><em>77</em></strong></span> <span class='ocrx_word' id='word_1_462' title='bbox 1665 4727 1754 4787; x_wconf 78' lang='lat' dir='ltr'><strong><em>apere</em></strong></span> <span class='ocrx_word' id='word_1_463' title='bbox 1779 4725 1836 4770; x_wconf 87' lang='grc'><strong><em>333</em></strong></span> 
     </span>
     <span class='ocr_line' id='line_1_40' title="bbox 182 4809 1835 4898; baseline -0.004 -18"><span class='ocrx_word' id='word_1_464' title='bbox 182 4816 272 4897; x_wconf 80' lang='lat' dir='ltr'><strong><em>infra</em></strong></span> <span class='ocrx_word' id='word_1_465' title='bbox 289 4839 325 4898; x_wconf 79' lang='lat' dir='ltr'><strong><em>qe.</em></strong></span> <span class='ocrx_word' id='word_1_466' title='bbox 342 4819 393 4883; x_wconf 81' lang='lat'><strong><em>23.</em></strong></span> <span class='ocrx_word' id='word_1_467' title='bbox 417 4819 650 4881; x_wconf 88' lang='lat' dir='ltr'><strong><em>commemorato</em></strong></span> <span class='ocrx_word' id='word_1_468' title='bbox 666 4836 701 4894; x_wconf 76' lang='lat' dir='ltr'><strong><em>p.</em></strong></span> <span class='ocrx_word' id='word_1_469' title='bbox 721 4819 809 4876; x_wconf 86' lang='lat' dir='ltr'><strong><em>XIX.</em></strong></span> <span class='ocrx_word' id='word_1_470' title='bbox 832 4816 981 4876; x_wconf 91' lang='lat' dir='ltr'><strong><em>accurate</em></strong></span> <span class='ocrx_word' id='word_1_471' title='bbox 1002 4810 1116 4892; x_wconf 78' lang='lat' dir='ltr'><strong><em>solium</em></strong></span> <span class='ocrx_word' id='word_1_472' title='bbox 1131 4817 1168 4875; x_wconf 91' lang='lat' dir='ltr'><strong><em>l‘.</em></strong></span> <span class='ocrx_word' id='word_1_473' title='bbox 1192 4809 1350 4891; x_wconf 73' lang='lat' dir='ltr'><strong><em>depinxit,</em></strong></span> <span class='ocrx_word' id='word_1_474' title='bbox 1378 4815 1472 4892; x_wconf 90' lang='lat' dir='ltr'><strong><em>atquc</em></strong></span> <span class='ocrx_word' id='word_1_475' title='bbox 1488 4832 1525 4890; x_wconf 76' lang='lat' dir='ltr'><strong><em>qr.</em></strong></span> <span class='ocrx_word' id='word_1_476' title='bbox 1541 4811 1718 4875; x_wconf 82' lang='grc'>133-131.</span> <span class='ocrx_word' id='word_1_477' title='bbox 1742 4809 1835 4891; x_wconf 84' lang='lat' dir='ltr'><strong><em>lcqcm</em></strong></span> 
     </span>
    </p>

    <p class='ocr_par' dir='ltr' id='par_1_17' title="bbox 139 4911 1837 5312">
     <span class='ocr_line' id='line_1_41' title="bbox 139 4911 1837 5003; baseline -0.005 -19"><span class='ocrx_word' id='word_1_478' title='bbox 139 4945 166 4984; x_wconf 76' lang='grc'><strong><em>43</em></strong></span> <span class='ocrx_word' id='word_1_479' title='bbox 184 4919 362 4984; x_wconf 88' lang='lat' dir='ltr'><strong><em>Romanam</em></strong></span> <span class='ocrx_word' id='word_1_480' title='bbox 397 4921 480 5003; x_wconf 71' lang='lat' dir='ltr'><strong><em>tqqris</em></strong></span> <span class='ocrx_word' id='word_1_481' title='bbox 514 4939 692 4999; x_wconf 73' lang='lat' dir='ltr'><strong><em>ccquessom</em></strong></span> <span class='ocrx_word' id='word_1_482' title='bbox 727 4916 840 4992; x_wconf 91' lang='lat' dir='ltr'><strong><em>edidit,</em></strong></span> <span class='ocrx_word' id='word_1_483' title='bbox 876 4935 941 4997; x_wconf 92' lang='lat' dir='ltr'><strong><em>qua</em></strong></span> <span class='ocrx_word' id='word_1_484' title='bbox 974 4914 1108 4980; x_wconf 85' lang='lat' dir='ltr'><strong><em>editione</em></strong></span> <span class='ocrx_word' id='word_1_485' title='bbox 1141 4913 1275 4978; x_wconf 80' lang='grc'>33773337</span> <span class='ocrx_word' id='word_1_486' title='bbox 1309 4934 1372 4978; x_wconf 88' lang='grc'><strong><em>737</em></strong></span> <span class='ocrx_word' id='word_1_487' title='bbox 1406 4911 1507 4978; x_wconf 90' lang='lat' dir='ltr'><strong><em>solum</em></strong></span> <span class='ocrx_word' id='word_1_488' title='bbox 1536 4913 1580 4976; x_wconf 91' lang='lat' dir='ltr'><strong><em>ad</em></strong></span> <span class='ocrx_word' id='word_1_489' title='bbox 1608 4913 1747 4991; x_wconf 84' lang='lat' dir='ltr'><strong><em>uerbum,</em></strong></span> <span class='ocrx_word' id='word_1_490' title='bbox 1781 4912 1837 4976; x_wconf 92' lang='grc'><strong><em>337</em></strong></span> 
     </span>
     <span class='ocr_line' id='line_1_42' title="bbox 182 5016 1834 5103; baseline -0.005 -16"><span class='ocrx_word' id='word_1_491' title='bbox 182 5025 343 5088; x_wconf 89' lang='lat' dir='ltr'><strong><em>etiamad</em></strong></span> <span class='ocrx_word' id='word_1_492' title='bbox 363 5024 486 5088; x_wconf 86' lang='lat' dir='ltr'><strong><em>litteras</em></strong></span> <span class='ocrx_word' id='word_1_493' title='bbox 508 5023 753 5103; x_wconf 76' lang='lat' dir='ltr'><strong><em>transseriqrtum</em></strong></span> <span class='ocrx_word' id='word_1_494' title='bbox 774 5025 915 5085; x_wconf 81' lang='lat' dir='ltr'><strong><em>eucnterc</em></strong></span> <span class='ocrx_word' id='word_1_495' title='bbox 936 5019 1043 5084; x_wconf 87' lang='lat' dir='ltr'><strong><em>coluit.</em></strong></span> <span class='ocrx_word' id='word_1_496' title='bbox 1092 5020 1189 5101; x_wconf 64' lang='grc'>9737</span> <span class='ocrx_word' id='word_1_497' title='bbox 1211 5018 1345 5082; x_wconf 89' lang='lat' dir='ltr'><strong><em>codicem</em></strong></span> <span class='ocrx_word' id='word_1_498' title='bbox 1367 5016 1595 5097; x_wconf 77' lang='lat' dir='ltr'><strong><em>transcriptum</em></strong></span> <span class='ocrx_word' id='word_1_499' title='bbox 1620 5017 1670 5080; x_wconf 85' lang='lat' dir='ltr'><strong><em>uir</em></strong></span> <span class='ocrx_word' id='word_1_500' title='bbox 1692 5016 1834 5080; x_wconf 87' lang='lat' dir='ltr'><strong><em>doetissi-</em></strong></span> 
     </span>
     <span class='ocr_line' id='line_1_43' title="bbox 182 5121 1833 5209; baseline -0.004 -18"><span class='ocrx_word' id='word_1_501' title='bbox 182 5147 253 5191; x_wconf 85' lang='lat' dir='ltr'><strong><em>mus</em></strong></span> <span class='ocrx_word' id='word_1_502' title='bbox 279 5126 451 5206; x_wconf 73' lang='grc'>31773,</span> <span class='ocrx_word' id='word_1_503' title='bbox 475 5126 559 5209; x_wconf 80' lang='lat' dir='ltr'><strong><em>qrbil.</em></strong></span> <span class='ocrx_word' id='word_1_504' title='bbox 583 5126 643 5192; x_wconf 86' lang='lat' dir='ltr'><strong><em>Dr.</em></strong></span> <span class='ocrx_word' id='word_1_505' title='bbox 660 5147 681 5189; x_wconf 92' lang='lat' dir='ltr'><strong><em>a</em></strong></span> <span class='ocrx_word' id='word_1_506' title='bbox 700 5128 819 5208; x_wconf 83' lang='lat' dir='ltr'><strong><em>Troqen</em></strong></span> <span class='ocrx_word' id='word_1_507' title='bbox 841 5124 1001 5189; x_wconf 85' lang='lat' dir='ltr'><strong><em>Heluetiae</em></strong></span> <span class='ocrx_word' id='word_1_508' title='bbox 1027 5124 1199 5201; x_wconf 84' lang='lat' dir='ltr'><strong><em>oriundus,</em></strong></span> <span class='ocrx_word' id='word_1_509' title='bbox 1230 5144 1299 5186; x_wconf 90' lang='lat' dir='ltr'><strong><em>oerc</em></strong></span> <span class='ocrx_word' id='word_1_510' title='bbox 1320 5123 1402 5186; x_wconf 89' lang='lat' dir='ltr'><strong><em>anni</em></strong></span> <span class='ocrx_word' id='word_1_511' title='bbox 1423 5124 1513 5186; x_wconf 83' lang='grc'>1896.</span> <span class='ocrx_word' id='word_1_512' title='bbox 1537 5143 1609 5185; x_wconf 90' lang='lat' dir='ltr'><strong><em>cum</em></strong></span> <span class='ocrx_word' id='word_1_513' title='bbox 1630 5121 1732 5186; x_wconf 87' lang='lat' dir='ltr'><strong><em>codice</em></strong></span> <span class='ocrx_word' id='word_1_514' title='bbox 1755 5143 1833 5185; x_wconf 84' lang='lat' dir='ltr'><strong><em>conr-</em></strong></span> 
     </span>
     <span class='ocr_line' id='line_1_44' title="bbox 175 5219 1176 5312; baseline -0.005 -18"><span class='ocrx_word' id='word_1_515' title='bbox 175 5233 317 5312; x_wconf 78' lang='lat' dir='ltr'><strong><em>parauit.</em></strong></span> <span class='ocrx_word' id='word_1_516' title='bbox 362 5231 607 5296; x_wconf 78' lang='lat' dir='ltr'><strong><em>Eruendationcs</em></strong></span> <span class='ocrx_word' id='word_1_517' title='bbox 628 5251 710 5312; x_wconf 78' lang='lat' dir='ltr'><strong><em>qenes</em></strong></span> <span class='ocrx_word' id='word_1_518' title='bbox 731 5229 896 5296; x_wconf 80' lang='lat' dir='ltr'><strong><em>adnotabit</em></strong></span> <span class='ocrx_word' id='word_1_519' title='bbox 918 5231 994 5292; x_wconf 90' lang='lat' dir='ltr'><strong><em>nota</em></strong></span> <span class='ocrx_word' id='word_1_520' title='bbox 1015 5219 1176 5291; x_wconf 88' lang='lat' dir='ltr'><strong><em>reddam¹.</em></strong></span> 
     </span>
    </p>
   </div>
   <div class='ocr_carea' id='block_1_5' title="bbox 137 5411 1832 5803">
    <p class='ocr_par' dir='ltr' id='par_1_18' title="bbox 285 5411 1832 5487">
     <span class='ocr_line' id='line_1_45' title="bbox 285 5411 1832 5487; baseline -0.005 -13"><span class='ocrx_word' id='word_1_521' title='bbox 285 5421 311 5487; x_wconf 84' lang='lat'><strong><em>1)</em></strong></span> <span class='ocrx_word' id='word_1_522' title='bbox 341 5418 443 5475; x_wconf 80' lang='lat' dir='ltr'><strong><em>Codicis</em></strong></span> <span class='ocrx_word' id='word_1_523' title='bbox 468 5419 620 5474; x_wconf 77' lang='lat' dir='ltr'><strong><em>ludionibus</em></strong></span> <span class='ocrx_word' id='word_1_524' title='bbox 646 5419 792 5474; x_wconf 81' lang='grc'>33373777</span> <span class='ocrx_word' id='word_1_525' title='bbox 816 5419 845 5474; x_wconf 81' lang='lat'><strong><em>0.</em></strong></span> <span class='ocrx_word' id='word_1_526' title='bbox 865 5418 955 5473; x_wconf 79' lang='lat' dir='ltr'><strong><em>Itiller</em></strong></span> <span class='ocrx_word' id='word_1_527' title='bbox 980 5416 1052 5471; x_wconf 85' lang='grc'>73773</span> <span class='ocrx_word' id='word_1_528' title='bbox 1075 5413 1274 5470; x_wconf 74' lang='grc'>7337717733</span> <span class='ocrx_word' id='word_1_529' title='bbox 1300 5413 1375 5468; x_wconf 78' lang='lat' dir='ltr'><strong><em>uncie</em></strong></span> <span class='ocrx_word' id='word_1_530' title='bbox 1399 5413 1519 5468; x_wconf 85' lang='grc'>73317333</span> <span class='ocrx_word' id='word_1_531' title='bbox 1542 5411 1681 5468; x_wconf 76' lang='grc'>37777373·</span> <span class='ocrx_word' id='word_1_532' title='bbox 1707 5412 1832 5482; x_wconf 69' lang='grc'>37133),</span> 
     </span>
    </p>

    <p class='ocr_par' dir='ltr' id='par_1_19' title="bbox 137 5515 1832 5803">
     <span class='ocr_line' id='line_1_46' title="bbox 137 5515 1832 5594; baseline -0.006 -14"><span class='ocrx_word' id='word_1_533' title='bbox 137 5533 163 5572; x_wconf 77' lang='grc'>41</span> <span class='ocrx_word' id='word_1_534' title='bbox 180 5523 369 5592; x_wconf 72' lang='grc'>7372363113</span> <span class='ocrx_word' id='word_1_535' title='bbox 387 5523 659 5594; x_wconf 72' lang='grc'>(7.13333363113),</span> <span class='ocrx_word' id='word_1_536' title='bbox 684 5521 886 5578; x_wconf 78' lang='lat' dir='ltr'><strong><em>donacionibus</em></strong></span> <span class='ocrx_word' id='word_1_537' title='bbox 904 5519 942 5590; x_wconf 78' lang='lat' dir='ltr'><strong><em>(q.</em></strong></span> <span class='ocrx_word' id='word_1_538' title='bbox 958 5520 1006 5575; x_wconf 97' lang='grc'><strong><em>136</em></strong></span> <span class='ocrx_word' id='word_1_539' title='bbox 1024 5518 1249 5586; x_wconf 77' lang='lat' dir='ltr'><strong><em>donationibus),</em></strong></span> <span class='ocrx_word' id='word_1_540' title='bbox 1273 5517 1399 5572; x_wconf 75' lang='grc'>61313133</span> <span class='ocrx_word' id='word_1_541' title='bbox 1417 5517 1455 5585; x_wconf 80' lang='lat' dir='ltr'><strong><em>(p.</em></strong></span> <span class='ocrx_word' id='word_1_542' title='bbox 1469 5515 1517 5571; x_wconf 89' lang='grc'><strong><em>137</em></strong></span> <span class='ocrx_word' id='word_1_543' title='bbox 1537 5515 1718 5586; x_wconf 80' lang='lat' dir='ltr'><strong><em>firmabitur),</em></strong></span> <span class='ocrx_word' id='word_1_544' title='bbox 1742 5516 1790 5582; x_wconf 78' lang='lat' dir='ltr'><strong><em>sol.</em></strong></span> <span class='ocrx_word' id='word_1_545' title='bbox 1807 5515 1832 5570; x_wconf 74' lang='lat'><strong><em>2⁴</em></strong></span> 
     </span>
     <span class='ocr_line' id='line_1_47' title="bbox 179 5618 1831 5698; baseline -0.011 -10"><span class='ocrx_word' id='word_1_546' title='bbox 179 5629 364 5693; x_wconf 80' lang='grc' dir='ltr'>3333313ηοί3,</span> <span class='ocrx_word' id='word_1_547' title='bbox 388 5629 536 5684; x_wconf 69' lang='lat' dir='ltr'><strong><em>evidenter</em></strong></span> <span class='ocrx_word' id='word_1_548' title='bbox 556 5629 659 5698; x_wconf 63' lang='grc'>(13110</span> <span class='ocrx_word' id='word_1_549' title='bbox 677 5627 862 5690; x_wconf 67' lang='lat' dir='ltr'><strong><em>conscientie,</em></strong></span> <span class='ocrx_word' id='word_1_550' title='bbox 886 5625 1055 5694; x_wconf 81' lang='lat' dir='ltr'><strong><em>evidenter),</em></strong></span> <span class='ocrx_word' id='word_1_551' title='bbox 1081 5624 1157 5690; x_wconf 72' lang='grc'>7373</span> <span class='ocrx_word' id='word_1_552' title='bbox 1175 5622 1297 5678; x_wconf 68' lang='lat' dir='ltr'><strong><em>aurifice</em></strong></span> <span class='ocrx_word' id='word_1_553' title='bbox 1315 5623 1352 5690; x_wconf 77' lang='lat' dir='ltr'><strong><em>(o.</em></strong></span> <span class='ocrx_word' id='word_1_554' title='bbox 1367 5621 1416 5675; x_wconf 81' lang='lat'><strong><em>143</em></strong></span> <span class='ocrx_word' id='word_1_555' title='bbox 1434 5619 1574 5690; x_wconf 81' lang='lat' dir='ltr'><strong><em>aurifice),</em></strong></span> <span class='ocrx_word' id='word_1_556' title='bbox 1602 5619 1713 5675; x_wconf 81' lang='lat' dir='ltr'><strong><em>racione</em></strong></span> <span class='ocrx_word' id='word_1_557' title='bbox 1731 5623 1768 5686; x_wconf 80' lang='lat' dir='ltr'><strong><em>(p.</em></strong></span> <span class='ocrx_word' id='word_1_558' title='bbox 1782 5618 1831 5671; x_wconf 85' lang='grc'><strong><em>151</em></strong></span> 
     </span>
     <span class='ocr_line' id='line_1_48' title="bbox 179 5725 1830 5803; baseline -0.005 -14"><span class='ocrx_word' id='word_1_559' title='bbox 179 5734 309 5803; x_wconf 80' lang='lat' dir='ltr'><strong><em>ratione),</em></strong></span> <span class='ocrx_word' id='word_1_560' title='bbox 326 5734 403 5801; x_wconf 79' lang='grc'>[374</span> <span class='ocrx_word' id='word_1_561' title='bbox 421 5733 570 5803; x_wconf 61' lang='lat' dir='ltr'><strong><em>infrigatur</em></strong></span> <span class='ocrx_word' id='word_1_562' title='bbox 587 5735 689 5801; x_wconf 70' lang='grc'>(3155</span> <span class='ocrx_word' id='word_1_563' title='bbox 706 5732 881 5803; x_wconf 76' lang='lat' dir='ltr'><strong><em>infrigatur),</em></strong></span> <span class='ocrx_word' id='word_1_564' title='bbox 903 5733 980 5800; x_wconf 76' lang='lat' dir='ltr'><strong><em>soli)</em></strong></span> <span class='ocrx_word' id='word_1_565' title='bbox 998 5732 1039 5786; x_wconf 84' lang='grc'><strong><em>113</em></strong></span> <span class='ocrx_word' id='word_1_566' title='bbox 1057 5734 1090 5786; x_wconf 87' lang='grc'><strong><em>31</em></strong></span> <span class='ocrx_word' id='word_1_567' title='bbox 1107 5735 1158 5788; x_wconf 85' lang='grc'><strong><em>331</em></strong></span> <span class='ocrx_word' id='word_1_568' title='bbox 1176 5729 1267 5801; x_wconf 78' lang='lat' dir='ltr'><strong><em>capud</em></strong></span> <span class='ocrx_word' id='word_1_569' title='bbox 1285 5733 1337 5785; x_wconf 86' lang='grc'><strong><em>331</em></strong></span> <span class='ocrx_word' id='word_1_570' title='bbox 1353 5729 1390 5797; x_wconf 78' lang='lat' dir='ltr'><strong><em>(p.</em></strong></span> <span class='ocrx_word' id='word_1_571' title='bbox 1405 5728 1454 5784; x_wconf 88' lang='grc'><strong><em>163</em></strong></span> <span class='ocrx_word' id='word_1_572' title='bbox 1472 5727 1513 5781; x_wconf 86' lang='grc'><strong><em>713</em></strong></span> <span class='ocrx_word' id='word_1_573' title='bbox 1526 5730 1558 5781; x_wconf 87' lang='grc'><strong><em>31</em></strong></span> <span class='ocrx_word' id='word_1_574' title='bbox 1570 5727 1660 5796; x_wconf 81' lang='lat' dir='ltr'><strong><em>capud</em></strong></span> <span class='ocrx_word' id='word_1_575' title='bbox 1672 5729 1743 5795; x_wconf 84' lang='grc'>331),</span> <span class='ocrx_word' id='word_1_576' title='bbox 1762 5725 1830 5780; x_wconf 85' lang='grc'>7313</span> 
     </span>
    </p>
   </div>
   <div class='ocr_carea' id='block_1_6' title="bbox 179 5829 1833 5978">
    <p class='ocr_par' dir='ltr' id='par_1_20' title="bbox 179 5829 1833 5978">
     <span class='ocr_line' id='line_1_49' title="bbox 179 5829 1833 5914; baseline -0.009 -15"><span class='ocrx_word' id='word_1_577' title='bbox 179 5850 216 5914; x_wconf 75' lang='lat' dir='ltr'><strong><em>(p.</em></strong></span> <span class='ocrx_word' id='word_1_578' title='bbox 232 5845 294 5912; x_wconf 84' lang='grc'>165,</span> <span class='ocrx_word' id='word_1_579' title='bbox 320 5843 367 5899; x_wconf 76' lang='lat' dir='ltr'><strong><em>lo</em></strong></span> <span class='ocrx_word' id='word_1_580' title='bbox 384 5843 477 5912; x_wconf 80' lang='grc'>7313),</span> <span class='ocrx_word' id='word_1_581' title='bbox 505 5841 595 5896; x_wconf 81' lang='lat' dir='ltr'><strong><em>turbis</em></strong></span> <span class='ocrx_word' id='word_1_582' title='bbox 613 5857 631 5911; x_wconf 85' lang='lat' dir='ltr'><strong>p</strong></span> <span class='ocrx_word' id='word_1_583' title='bbox 650 5841 688 5910; x_wconf 76' lang='lat' dir='ltr'><strong><em>(p.</em></strong></span> <span class='ocrx_word' id='word_1_584' title='bbox 702 5841 752 5896; x_wconf 89' lang='grc'><strong><em>166</em></strong></span> <span class='ocrx_word' id='word_1_585' title='bbox 770 5839 860 5895; x_wconf 80' lang='lat' dir='ltr'><strong><em>turbis</em></strong></span> <span class='ocrx_word' id='word_1_586' title='bbox 878 5839 923 5909; x_wconf 89' lang='grc'><strong><em>7),</em></strong></span> <span class='ocrx_word' id='word_1_587' title='bbox 950 5837 1026 5904; x_wconf 72' lang='lat' dir='ltr'><strong><em>sabb</em></strong></span> <span class='ocrx_word' id='word_1_588' title='bbox 1044 5835 1119 5906; x_wconf 87' lang='lat' dir='ltr'><strong><em>quod</em></strong></span> <span class='ocrx_word' id='word_1_589' title='bbox 1143 5836 1165 5891; x_wconf 81' lang='lat' dir='ltr'><strong><em>si</em></strong></span> <span class='ocrx_word' id='word_1_590' title='bbox 1188 5851 1231 5890; x_wconf 83' lang='lat' dir='ltr'><strong><em>res</em></strong></span> <span class='ocrx_word' id='word_1_591' title='bbox 1250 5833 1350 5902; x_wconf 62' lang='grc' dir='ltr'>φ.169</span> <span class='ocrx_word' id='word_1_592' title='bbox 1368 5829 1443 5902; x_wconf 88' lang='lat' dir='ltr'><strong><em>quod</em></strong></span> <span class='ocrx_word' id='word_1_593' title='bbox 1462 5834 1529 5900; x_wconf 82' lang='lat' dir='ltr'><strong><em>res),</em></strong></span> <span class='ocrx_word' id='word_1_594' title='bbox 1555 5830 1637 5897; x_wconf 74' lang='grc'>[377</span> <span class='ocrx_word' id='word_1_595' title='bbox 1656 5830 1725 5900; x_wconf 84' lang='lat' dir='ltr'><strong><em>quia</em></strong></span> <span class='ocrx_word' id='word_1_596' title='bbox 1746 5831 1833 5885; x_wconf 80' lang='lat' dir='ltr'><strong><em>toreio</em></strong></span> 
     </span>
     <span class='ocr_line' id='line_1_50' title="bbox 1592 5925 1627 5978; baseline 0 -22"><span class='ocrx_word' id='word_1_597' title='bbox 1592 5925 1627 5978; x_wconf 61' lang='lat'><strong><em>3⁸</em></strong></span> 
     </span>
    </p>
   </div>
   <div class='ocr_carea' id='block_1_7' title="bbox 0 0 2250 6631">
    <p class='ocr_par' dir='ltr' id='par_1_21' title="bbox 0 0 2250 6631">
     <span class='ocr_line' id='line_1_51' title="bbox 0 0 2250 6631; baseline 0 0"><span class='ocrx_word' id='word_1_598' title='bbox 0 0 2250 6631; x_wconf 95' lang='lat' dir='ltr'><strong><em> </em></strong></span> 
     </span>
    </p>
   </div>
  </div>
 </body>
</html>
