4418 6652
462 550 575 606 LEGES
595 549 902 606 BURGUNDIONUM.
922 581 955 590 -
975 549 1044 603 LEX
1064 549 1219 604 ROMANA
1239 549 1334 603 XLVI.
1354 548 1464 603 XLVII.
1729 551 1789 612 163

136 725 219 789 fisco
242 731 356 812 postca
378 725 576 812 requiratur;
600 723 657 788 sed
681 725 784 788 omnis
815 724 963 808 cognatio
989 723 1187 811 possessoris
1212 723 1387 788 commodis
1417 724 1618 810 adquiratur,
1642 722 1728 807 qnod
1752 744 1792 786 ea

136 830 214 914 lego
239 828 407 894 evidenter
431 829 633 916 exprimitur,
657 850 740 915 qnae
766 828 806 892 ad
832 829 994 893 Basiliam
1017 828 1218 914 praefectum
1242 829 1376 913 pretorii
1402 827 1477 892 data
1501 834 1559 894 est.

604 1121 761 1186 Titulus
783 1121 921 1187 XLVII.
967 1115 1039 1186 Dc1
1066 1121 1325 1188 consortibus.

250 1257 326 1348 [Da]
356 1258 559 1323 consortibus
583 1259 680 1323 etiam
703 1259 763 1323 hoc
788 1260 908 1346 scripta
932 1261 1006 1346 lege
1035 1282 1093 1346 pro
1124 1263 1249 1326 ratione
1281 1262 1487 1326 subiunctum
1518 1267 1583 1326 est:
1615 1267 1652 1324 ut
1673 1261 1793 1346 petitor

103 1386 236 1451 squem
259 1363 399 1428 voluerit
422 1361 462 1426 da
486 1363 690 1427 consortibus
713 1365 832 1449 pulset,
862 1371 1012 1450 atquem
1045 1366 1114 1429 vult
1143 1387 1201 1451 pro
1233 1387 1291 1430 sua
1321 1366 1489 1430 voluntate
1521 1371 1724 1450 praetereat:
1752 1386 1792 1428 ea

136 1477 247 1533 tamen
266 1467 460 1546 conditione,
477 1474 522 1544 ut,
540 1467 595 1553 qui
612 1467 730 1553 pulsati
749 1488 811 1531 non
829 1467 958 1546 fuerint,
975 1470 1100 1533 nullum
1119 1469 1159 1533 de
1177 1470 1236 1548 his,
1254 1491 1337 1555 quac
1354 1470 1497 1534 iudicata
1513 1469 1644 1548 fuerint,
1659 1468 1789 1554 praeiu-

136 1572 259 1637 dicium
281 1573 462 1658 paciantur,
487 1570 559 1644 sed,
584 1591 657 1635 oum
682 1571 857 1648 voluerint,
882 1592 958 1636 suas
981 1572 1155 1638 instituant
1179 1575 1343 1654 actiones,
1374 1573 1551 1639 secundum
1586 1573 1710 1658 legem:
1742 1571 1792 1636 De

138 1675 343 1741 consortibus
351 1665 375 1740 ².

705 1811 890 1899 Explicit
920 1813 985 1877 lex
1017 1813 1229 1880 Romana’e

90 2055 119 2094 ¹⁰
244 2053 268 2118 ³)
287 2051 370 2121 Expl.
388 2051 432 2106 lex
452 2049 529 2107 roffia
548 2052 607 2119 Aa,
622 2052 768 2120 praemisso
787 2053 866 2106 tr'tulo
883 2054 1017 2122 samoni:
1086 2042 1091 2051 ¹

243 2157 316 2224 De³l
335 2156 465 2211 colonis
484 2156 711 2226 migrantibus
730 2157 782 2210 vel
801 2157 836 2211 in
856 2157 1008 2226 fugitiva
1027 2156 1140 2226 lapsis.
1159 2157 1214 2212 Tit
1228 2157 1352 2212 XLVIII.
1385 2158 1413 2212 Si
1427 2158 1490 2227 quis
1507 2159 1607 2212 colonu
1621 2158 1743 2211 alienum
1763 2157 1792 2210 in

138 2261 169 2298 re
188 2261 238 2297 sua
256 2244 299 2298 vel
319 2243 347 2296 in
365 2243 433 2313 iugo
450 2243 532 2314 lapsu
550 2244 593 2297 vel
612 2260 663 2297 sua
681 2243 828 2298 voluntate
847 2245 986 2314 migrante
1005 2244 1082 2298 XXX
1100 2245 1181 2299 annis
1200 2245 1381 2300 habueritne
1400 2245 1422 2298 si
1442 2263 1521 2298 suum
1541 2244 1674 2308 vindicet,
1692 2244 1749 2312 qui.
1768 2243 1791 2296 si

137 2332 216 2384 intre
234 2330 310 2384 XXX
328 2347 418 2384 annus
431 2331 562 2384 inventus
580 2329 673 2394 fuerit,
691 2347 708 2384 a
726 2329 838 2385 domino
857 2349 919 2386 cnm
931 2331 996 2385 filiis
1009 2331 1158 2386 secundum
1178 2333 1268 2403 legem
1287 2331 1340 2386 sibi
1354 2331 1461 2386 debetis
1482 2333 1510 2386 et
1527 2331 1602 2385 omni
1621 2329 1792 2400 peculiorum

138 2417 262 2483 nocitum
280 2417 354 2486 quod
377 2417 420 2472 siu
439 2417 511 2472 forte
528 2420 654 2471 mortuus
672 2417 766 2479 luerit,
784 2418 835 2471 filii
854 2419 879 2472 ci
898 2435 960 2472 cum
980 2418 1150 2473 mercedibus
1176 2419 1232 2473 suis
1252 2419 1297 2473 vol
1315 2419 1405 2488 patris
1424 2418 1526 2473 mortui
1545 2435 1562 2471 a
1581 2417 1694 2471 domino
1712 2433 1792 2470 revo-

91 2517 117 2556 rs
136 2507 244 2559 centur.
286 2504 418 2559 Colonam
439 2521 503 2558 vero
522 2503 544 2558 si
562 2503 665 2572 viginti
687 2520 777 2558 annus
796 2504 825 2557 in
843 2504 936 2559 aliano
954 2504 1110 2559 dominium
1130 2508 1159 2559 et
1176 2505 1237 2559 iure
1251 2505 1442 2575 permanserit,
1461 2522 1479 2558 a
1496 2505 1588 2574 priore
1601 2503 1714 2556 dominc
1733 2519 1790 2556 non

136 2593 280 2660 queratur,
299 2591 322 2645 si
337 2593 431 2644 tamen
450 2591 525 2644 iutra
537 2589 588 2644 XX
606 2593 700 2644 aunus'
714 2591 831 2645 inventa
849 2591 935 2646 fuerit
953 2595 982 2645 et
1001 2591 1035 2644 de
1054 2592 1147 2646 alieno
1166 2593 1265 2647 colono
1283 2593 1357 2646 lilius
1375 2592 1537 2662 susceperit,
1557 2609 1620 2646 cum
1639 2590 1792 2660 agnatione

138 2681 221 2748 parte
248 2677 361 2732 terciam
384 2681 536 2740 revocatur,
556 2678 622 2746 quin
640 2677 738 2732 colono
757 2677 810 2732 duc
837 2681 931 2748 partes
954 2679 1116 2748 agnationis
1140 2683 1271 2734 secuntur
1298 2683 1327 2733 et
1351 2679 1464 2732 tertiam
1490 2677 1624 2732 colonam.
1663 2677 1735 2730 Sane
1758 2692 1794 2729 ne

138 2764 280 2836 sepamtic
299 2765 422 2834 coniugii
441 2765 498 2830 fiat,
525 2764 605 2818 illum
627 2763 672 2818 cui
690 2765 804 2819 colonus
829 2768 872 2819 est
894 2766 1027 2820 vicariam
1052 2766 1196 2821 mulierem
1224 2770 1252 2820 et
1280 2784 1330 2836 pro
1349 2766 1464 2820 terciam
1489 2765 1641 2834 agnatione
1666 2764 1794 2818 mulieres

138 2851 254 2905 domino
267 2851 430 2921 conpinscre
443 2850 637 2922 praecipimus.
661 2851 690 2905 Si
703 2867 768 2906 vcro
787 2852 887 2906 mulier
905 2852 978 2905 iures
996 2852 1081 2906 alieni
1102 2852 1256 2922 ingenuum
1275 2853 1406 2907 maritum
1425 2851 1546 2918 duxerit,
1564 2852 1653 2905 omnis
1670 2850 1795 2904 mulieris

87 2951 117 2990 ao
137 2937 257 3008 agnatio
274 2937 310 2992 ad
329 2939 388 2993 aius
406 2939 539 3003 dominio,
558 2939 636 2994 cuius
654 2941 697 2992 est
714 2939 822 3004 mulier,
842 2939 1007 3010 perlambit,
1026 2939 1054 2993 in
1075 2940 1174 3009 quinto
1193 2941 1263 2994 libro
1282 2938 1471 2994 Theudosioni
1491 2939 1534 2992 lex
1555 2939 1610 2992 ista
1628 2936 1795 3006 requirenda

140 3025 228 3079 titulo
247 3041 328 3080 nono.

244 3110 368 3182 Explicit
386 3110 468 3166 Liber
485 3110 627 3181 Pupienus
644 3112 772 3168 feliciter.
810 3114 899 3168 Amen
918 3113 978 3168 At.

244 3197 369 3268 Explicit
386 3198 513 3253 felicitet.
549 3197 674 3269 Explicit
692 3199 775 3270 Legis
793 3200 864 3254 liber
882 3200 980 3255 'l'ehnd
999 3204 1028 3255 et
1047 3200 1225 3255 Novellarum
1245 3200 1365 3256 feliciter
1383 3199 1442 3254 [15.

244 3285 363 3356 Papiani
382 3285 454 3338 liber
471 3283 594 3339 l'clicite1·
612 3285 728 3354 explicit
747 3284 837 3344 Ostiae.

83 3517 114 3556 25
245 3496 366 3549 lomnes
385 3493 447 3548 Aa.
528 3493 658 3562 cogrratio]
681 3496 786 3561 agnatio
812 3495 898 3548 Cioioc.
917 3515 943 3549 o.
1013 3499 1153 3566 possessori
1170 3496 1229 3548 Ao.
1300 3499 1432 3564 quomodis
1450 3495 1513 3558 Am
1541 3497 1672 3548 commotis
1697 3495 1757 3548 Ar.

136 3604 171 3638 ea
189 3602 238 3637 orn.
261 3583 320 3636 [14.
330 3583 354 3650 5,
379 3584 466 3635 tiriae.
521 3582 533 3649 ll
587 3581 704 3649 Elagem
724 3581 782 3634 Aa.
853 3585 897 3650 qui
916 3583 1013 3638 [115.
1077 3587 1214 3637 Bossilium
1233 3581 1292 3636 At.
1364 3584 1435 3651 prdt'p
1461 3581 1517 3651 prist
1536 3581 1602 3646 A2;
1630 3588 1663 3650 pss
1689 3582 1795 3649 pretorii

139 3669 201 3724 [14.
214 3671 239 3724 5.
284 3670 296 3736 ΙΙ
341 3669 457 3722 3Erurt
473 3671 514 3721 lric
531 3671 663 3721 titularis
681 3668 768 3722 Ano
787 3669 827 3734 (T.
846 3671 938 3734 XLV).
957 3670 981 3723 5.
1060 3679 1189 3724 consortes
1211 3670 1268 3723 [14.
1322 3669 1334 3736 11
1389 3668 1464 3722 lna
1485 3671 1647 3722 consortibus
1664 3687 1712 3720 cor.
1734 3668 1797 3730 A2;

137 3759 315 3822 Consortibns,
334 3775 382 3808 om.
401 3759 448 3821 De,
461 3755 485 3806 A
497 3754 521 3808 4.
531 3755 556 3807 5.
614 3754 700 3824 etiarn]
720 3763 746 3808 et
757 3755 816 3807 [15.
874 3759 971 3825 scripta
988 3759 1045 3824 lega
1063 3776 1094 3809 ex
1111 3777 1178 3810 corr.
1192 3757 1341 3817 rimudutii,¹
1358 3758 1468 3824 scriptur
1485 3758 1567 3824 legem
1583 3757 1607 3806 A
1618 3755 1647 3818 ‘23
1666 3755 1795 3821 seqrrenti-

137 3849 191 3897 bus
210 3843 267 3896 [14.
281 3843 305 3908 I),
326 3843 412 3895 ostar.
482 3843 669 3910 patrationem
689 3842 747 3895 Ar.
826 3845 921 3910 patitur
938 3843 1002 3908 s53
1021 3852 1121 3912 petetur
1139 3843 1200 3896 Aa.
1260 3844 1271 3910 ΙΙ
1329 3843 1519 3911 sparsum.
1590 3853 1615 3895 at
1633 3861 1682 3894 om.
1703 3840 1762 3894 Aa

86 3956 116 3995 κο
138 3932 197 4003 pro]
216 3951 260 4002 por
278 3931 410 3985 [1215.
472 3933 609 4002 praeteriet
627 3929 685 3984 [11.
698 3930 723 3984 b.
780 3930 820 3999 aa]
839 3941 865 3985 ot
883 3933 942 3986 [15.
990 3933 1001 3997 ΙΙ
1047 3932 1111 3984 lint
1129 3929 1183 3998 qni]
1202 3939 1280 3996 atqua
1299 3928 1363 3992 2143
1381 3931 1460 3996 adqui
1479 3930 1539 3982 Ao.
1599 3947 1666 3997 qrrac
1684 3930 1799 3981 indicata

139 4022 239 4073 fuerint
255 4038 303 4071 om.
322 4017 382 4072 [14.
394 4021 419 4083 ir,
440 4019 526 4072 Ciciuc.
580 4020 720 4071 indicatum
740 4016 800 4070 [12.
846 4021 858 4085 ΙΙ
904 4018 1052 4087 ipatiatur
1070 4016 1131 4070 [11.
1201 4019 1309 4070 actionis
1328 4017 1387 4068 Ab.

247 4228 272 4295 l)
293 4225 348 4293 Gfr.
369 4225 430 4280 coo.
454 4222 551 4279 Tbeod,
571 4223 655 4292 II,5:
674 4224 713 4278 Dc
732 4223 856 4278 dominio
876 4223 923 4286 rei,
943 4240 1016 4292 quaa
1029 4222 1161 4292 poscitur,
1174 4222 1219 4276 vel
1234 4220 1408 4277 consortibus
1426 4220 1462 4274 ab
1482 4237 1522 4286 eo,
1542 4220 1585 4274 cui
1600 4219 1797 4274 denuntiatum

138 4330 239 4394 suerit,
264 4329 451 4400 postulandis,
473 4330 522 4383 cl
545 4328 582 4395 (a.
599 4328 687 4388 362.):
707 4368 733 4382 ..
752 4327 907 4395 Amputota
931 4325 1132 4380 constitutione
1155 4325 1332 4380 Constantini
1352 4367 1358 4380 .
1376 4367 1397 4388 .‚
1421 4342 1494 4394 quac
1516 4341 1599 4393 super
1622 4323 1798 4377 consortibus

138 4434 321 4505 promulgata
343 4436 392 4488 est.
496 4433 523 4499 2)
543 4431 599 4498 Osr.
620 4429 682 4484 Ood.
704 4429 798 4485 I'lrcod.
818 4429 857 4498 IL
876 4431 902 4496 ὃ,
918 4445 939 4484 o.
959 4432 972 4483 1
992 4431 1028 4497 (α.
1042 4431 1123 4498 362),
1140 4429 1263 4498 irdcrprs
1284 4471 1312 4485 ..
1331 4429 1477 4484 Consortes
1497 4471 1503 4483 .
1520 4470 1535 4494 .‚
1558 4427 1718 4496 quicunque
1738 4426 1798 4497 pul-

84 4573 115 4611 35
140 4542 220 4593 satus
240 4538 331 4603 luerit,
351 4554 400 4608 pro
419 4554 469 4591 suo
488 4540 568 4607 parte
587 4535 630 4590 vel
650 4552 767 4606 persona
786 4534 967 4604 respondeat,
986 4551 1037 4588 nec
1056 4574 1062 4587 .
1080 4575 1085 4587 .
1105 4537 1276 4603 repetentem
1300 4533 1412 4587 differat
1432 4533 1481 4586 ille
1504 4531 1552 4601 qui
1576 4531 1711 4600 possidet;
1736 4530 1797 4584 Ood.

142 4643 211 4696 Ino.
231 4641 293 4708 VII,
311 4643 385 4704 Ir6,c
410 4643 440 4708 2,·
458 4657 542 4709 mapsa
560 4640 598 4698 ls't.
617 4641 659 4707 30,
672 4641 697 4694 2.
707 4642 732 4694 3.
742 4640 766 4693 4.
871 4640 898 4709 3)
918 4639 993 4692 Inter
1010 4655 1098 4692 ornnes
1115 4643 1230 4706 maor,
1250 4639 1324 4692 huno
1341 4639 1462 4705 titulum,
1486 4639 1534 4706 qui
1555 4637 1649 4704 repetit
1666 4637 1796 4704 interpre-

142 4745 271 4800 tationes
290 4745 351 4800 coo.
374 4745 470 4801 Theod.
496 4745 527 4814 V,
547 4747 592 4800 10:
620 4746 660 4798 De
678 4744 834 4814 inquilinis,
852 4760 872 4798 c.
890 4761 918 4798 a.
938 4745 976 4811 (a.
994 4744 1080 4812 4111),
1104 4759 1160 4796 oron
1179 4741 1215 4795 ud
1231 4748 1351 4796 nostram
1371 4742 1468 4812 Lepem
1482 4741 1628 4810 pertinum
1645 4739 1695 4805 cfr.
1712 4755 1798 4807 aspro

135 4869 168 4921 p.
188 4850 229 4917 12,
245 4855 299 4904 not.
321 4853 344 4906 l.
