4492 6638
630 555 744 610 usulis
764 556 1071 612 BURGUNDIONUM.
1090 589 1123 596 —-
1143 557 1357 613 PRAEFATIO.
1804 563 1821 622 7

169 747 252 807 quoe
282 731 374 790 erant
403 727 620 791 immutandae
648 728 695 792 vel
723 729 952 806 emendandis,
985 737 1022 793 ut
1049 731 1144 794 etiam
1170 731 1248 813 lepos
1266 731 1376 816 forma
1402 736 1432 794 et
1459 732 1584 795 noneine
1609 729 1823 812 sinpularium

170 829 335 894 titulorum
357 831 393 893 in
415 829 530 894 librum
553 832 812 895 constitutionum
834 834 1056 913 reciperentur,
1083 839 1120 898 ut
1142 835 1275 915 denique
1297 834 1376 916 lepes
1396 834 1566 914 ferrentur,
1595 855 1676 914 quae
1697 834 1823 898 omnim

167 954 231 996 non
260 934 296 997 in
324 932 439 996 librum
464 934 662 1013 reer'piendoe
683 934 832 1015 fuerunt;
865 935 923 1015 cfr.
946 935 1050 1000 Const.
1074 943 1152 1001 ectr.
1175 941 1221 1001 tv.
1238 939 1289 1000 20.
1338 938 1425 1018 Quae
1453 937 1536 1000 ratio
1562 937 1658 1000 ettam
1680 958 1701 1000 a
1723 936 1821 1018 Sipia-

166 1037 298 1112 mundo‚
320 1037 377 1117 qui
402 1035 598 1101 Guudobodo
613 1039 707 1118 patri
729 1039 892 1116 successit,
916 1039 1152 1117 observabatur,¹
1179 1062 1225 1103 an
1246 1041 1342 1104 etiam
1363 1061 1384 1102 o
1403 1039 1588 1116 Godomaro,
1611 1041 1668 1120 qui
1689 1039 1823 1104 ultimus

138 1159 275 1220 erepum
296 1138 579 1220 Burpnndicorum
600 1146 677 1218 erat,
700 1142 860 1205 observato
883 1143 934 1219 sit,
958 1144 1103 1220 monime,
1126 1145 1155 1206 si
1174 1142 1279 1208 Const.
1303 1148 1380 1206 eur.
1399 1145 1448 1204 21.
1472 1142 1666 1224 respicimus,
1690 1143 1821 1207 dubium

167 1243 385 1306 videturesse.

278 1362 369 1444 Quod
396 1367 502 1426 annm
530 1364 574 1427 ad
595 1385 632 1428 ea
654 1370 777 1429 statuto
799 1364 873 1428 iibri
896 1367 1157 1430 constitutionum
1182 1369 1311 1444 attinet,
1342 1369 1534 1447 inquorum
1556 1365 1633 1442 loco,
1662 1371 1821 1447 utsupra

167 1465 401 1545 mplicavimus,
425 1466 561 1530 novellae
576 1470 769 1547 posteriores
785 1469 911 1548 positae
932 1475 1017 1546 sunt,
1040 1470 1195 1534 nonnulla
1218 1491 1324 1534 eorum
1341 1471 1464 1533 tradita
1478 1473 1563 1546 sunt,
1586 1470 1721 1550 itemque
1742 1491 1820 1534 non-

168 1567 276 1632 nullae
298 1568 376 1650 lepes
397 1575 471 1632 onte
493 1569 608 1634 librum
631 1571 891 1635 constitutionum
914 1572 1033 1636 editum
1053 1573 1284 1654 promulpratae.
1323 1573 1498 1653 Scriptores
1521 1571 1648 1636 librarii
1670 1574 1822 1638 eiusmodi

126 1699 152 1737 ιο
170 1669 248 1752 leqes
268 1670 500 1753 Burpundicas
522 1673 566 1736 ad
586 1673 681 1752 finem
702 1673 776 1736 libri
792 1675 1051 1739 constitutionum
1065 1675 1288 1756 adiunpebant,
1306 1677 1414 1756 privio
1428 1695 1493 1738 non
1507 1675 1753 1740 adnumerantes
1768 1697 1822 1738 eas

170 1773 247 1838 libro
273 1796 373 1854 neque
394 1777 536 1840 numeris
557 1781 719 1853 notantes;
748 1776 807 1856 cfr.
830 1777 949 1840 codices
964 1777 996 1840 A
1010 1781 1038 1840 3.
1053 1783 1082 1844 4.
1127 1777 1349 1860 Proprediente
1371 1783 1479 1842 auimo
1500 1783 1634 1858 tempore
1654 1780 1822 1858 scriptores

167 1879 307 1956 librarii,
337 1880 401 1944 vim
428 1879 543 1943 borum
572 1879 859 1943 additamentorum
888 1881 1082 1962 ipnorantes,
1113 1881 1172 1944 bos
1199 1880 1277 1961 lepes
1300 1883 1407 1962 primo
1436 1881 1471 1944 in
1492 1881 1597 1944 indice
1619 1882 1821 1945 rubricarum

168 1981 347 2060 titulorum,
382 1984 437 2048 nbi
464 1984 794 2061 commemorabantur,
829 1984 940 2048 deinde
968 1986 1063 2048 etiam
1094 1986 1130 2047 in
1158 1990 1305 2048 contentu
1334 1983 1408 2048 libri
1435 1985 1695 2049 constitutionum
1724 1985 1822 2049 buius

167 2087 306 2167 emporis
327 2086 431 2150 titulis
453 2087 715 2162 adnumerabant,
738 2088 898 2151 continuis
919 2088 1061 2152 numeris
1084 2108 1138 2151 eos
1158 2092 1312 2152 rootontes.

124 2233 149 2272 η
275 2206 344 2270 Eae
367 2213 477 2272 contra
499 2207 576 2288 lepes
597 2207 743 2285 romeliae,
766 2228 847 2288 quoae
869 2213 906 2271 ut
928 2230 1000 2271 cum
1022 2208 1099 2272 libro
1122 2209 1383 2272 constitutionum
1405 2209 1669 2290 coniunperentur
1691 2229 1821 2288 curmae

166 2310 399 2390 amplificarent
431 2311 534 2374 editoe
564 2315 670 2388 erant,
705 2333 727 2374 a
759 2311 950 2392 mopistrotu
982 2312 1132 2392 quodam,
1165 2311 1300 2392 fortossc
1333 2334 1354 2376 a
1384 2311 1583 2376 cancellariis
1614 2312 1708 2392 repis,
1743 2311 1821 2374 libro

167 2414 426 2478 constitutionum
458 2415 595 2478 insertae
628 2436 692 2480 esse
720 2415 888 2494 putandae
921 2420 1010 2492 sunt,
1044 2436 1143 2495 neque
1175 2415 1231 2478 ubi
1259 2415 1484 2480 collocarentur
1512 2416 1636 2479 videtur
1665 2412 1821 2478 voluntati

166 2524 260 2598 atque
286 2518 460 2581 arbitratui
490 2539 610 2596 eorum,
645 2520 702 2600 qui
725 2519 879 2598 privatim
909 2517 1024 2582 librum
1054 2518 1332 2596 transscriberent,
1365 2518 1465 2598 fuisse
1488 2520 1689 2599 permissum.
1735 2519 1822 2582 Nom

166 2623 195 2686 si
229 2622 277 2685 ita
309 2645 358 2686 res
387 2644 418 2686 se
447 2622 619 2700 babuisset,
655 2623 730 2686 ordo
761 2621 924 2686 titulorum
958 2621 1034 2702 lepis
1060 2621 1277 2686 Gundebadae
1303 2643 1367 2686 non
1396 2623 1477 2686 idem
1505 2627 1582 2686 esset
1612 2623 1648 2686 in
1678 2623 1823 2687 munibus

124 2746 150 2786 n
168 2726 326 2790 codicibus
347 2727 593 2806 manuscriptis;
623 2731 668 2790 est
689 2731 796 2789 eutem
818 2724 982 2789 nonnullis
1005 2725 1123 2800 titulis,
1156 2726 1213 2806 qui
1234 2727 1342 2790 omissi
1363 2731 1452 2803 sunt,
1482 2728 1617 2807 exceptis
1638 2747 1702 2790 non
1723 2726 1823 2790 solum

166 2830 203 2893 in
224 2833 373 2893 contentu
395 2828 477 2907 libri,
500 2829 555 2893 sed
577 2830 673 2892 etiam
698 2830 732 2892 in
754 2828 858 2892 indice
879 2829 1082 2892 rubricarum
1104 2828 1157 2892 ille
1181 2830 1262 2892 idem
1285 2830 1369 2893 ordo.

274 2949 370 3013 Hanc
392 2949 467 3014 libri
488 2951 748 3014 constitutionum
763 2949 908 3029 smnmm,
931 2948 1037 3029 qualis
1061 2949 1183 3012 tradita
1205 2955 1259 3028 est,
1282 2949 1412 3014 novellis
1426 2955 1582 3014 mutatum
1597 2949 1668 3014 licet
1684 2950 1822 3014 librum

167 3053 403 3118 emendatum
425 3053 592 3134 appellare.
638 3053 786 3117 Pristina
814 3058 919 3116 civem
952 3073 1048 3132 eoque
1075 3054 1215 3134 pennino
1244 3053 1347 3132 torma
1374 3075 1473 3133 neque
1499 3059 1625 3117 servata
1647 3059 1692 3117 est
1714 3074 1821 3135 neque,

166 3158 312 3238 quamvis
344 3155 488 3238 dilipenti
520 3157 580 3220 bac
609 3158 643 3219 in
674 3178 708 3219 re
738 3155 883 3219 collocato
911 3156 1017 3220 studio
1047 3156 1189 3238 sinpulae
1216 3157 1282 3237 sere
1310 3155 1446 3220 novellae
1471 3163 1665 3234 exsecentur,
1700 3159 1821 3238 intepra

123 3261 281 3340 sepelevit
313 3261 449 3324 restitui.
494 3260 592 3324 Libro
623 3260 883 3323 constitutionum
915 3264 1095 3339 comparato
1126 3281 1197 3322 cum
1228 3259 1290 3339 lece
1318 3260 1464 3324 Romarm
1495 3260 1650 3341 efficitur,
1682 3261 1821 3325 ordinem

168 3362 335 3427 titulorum
357 3364 485 3427 insertis
506 3362 634 3427 novellis
655 3383 750 3442 queam
773 3363 901 3426 minime
923 3383 987 3426 esse
1010 3368 1233 3426 commutatum
1254 3383 1353 3442 neque
1375 3362 1455 3427 ullos
1477 3363 1586 3428 titulos
1607 3363 1693 3441 libri,
1716 3364 1821 3445 qualis

160 3467 306 3547 pristina
334 3467 434 3547 suerit
461 3467 582 3547 forma,
614 3467 743 3530 omissos
771 3487 842 3532 esse.
892 3467 1136 3548 Qrmestionibus
1167 3471 1273 3530 autem
1303 3467 1340 3530 de
1368 3466 1503 3548 sinpulis
1531 3465 1635 3530 titulis
1663 3469 1821 3530 institutis

88 3655 93 3662 ι
166 3571 344 3635 ostenditur
372 3592 539 3636 numerum
568 3570 731 3635 titulorum
753 3571 890 3650 pristini
917 3570 990 3633 libri
1017 3571 1276 3634 constitutionum
1297 3569 1386 3634 baud
1407 3589 1591 3651 rnapnopere
1613 3569 1820 3650 discrepuisse

166 3696 188 3738 a
208 3696 338 3739 numero
361 3674 524 3738 titulorum
547 3675 636 3739 nobis
657 3679 861 3738 servatorum.

125 3826 151 3864 ³0
276 3803 437 3884 Denique,
466 3806 496 3868 si
523 3805 597 3869 ordo
626 3803 792 3867 titulorum
820 3802 894 3885 lepis
917 3802 1080 3867 Romanae
1102 3802 1243 3866 ordinem
1266 3800 1431 3864 titulorum
1454 3800 1527 3865 libri
1549 3802 1818 3884 constitutionum,

167 3928 240 3984 uon,
262 3909 346 3990 qnod
367 3910 564 3973 contrarium
586 3914 640 3986 est,
664 3909 740 3973 orolo
761 3907 834 3971 libri
854 3907 1113 3971 constitutionum
1129 3907 1269 3970 ordinem
1287 3905 1361 3987 uon
1378 3904 1542 3968 Rananae
1563 3911 1690 3968 secutus
1708 3911 1762 3982 est,
1787 3907 1821 3970 id

169 4012 345 4092 quaeritur,
369 4031 433 4092 qua
456 4013 578 4077 ratione
600 4013 760 4076 adductus
777 4011 995 4076 Gundebadus
1017 4009 1101 4074 bunc
1124 4010 1265 4073 ordinem
1287 4009 1494 4073 constituerit.
1543 4009 1605 4089 Quoi
1627 4009 1716 4072 tituli
1737 4011 1820 4074 inter

167 4137 200 4179 se
214 4113 292 4178 adeo
316 4135 379 4178 non
402 4116 564 4179 coniuncti
585 4122 669 4192 sunt,
692 4119 730 4178 ut
750 4114 837 4178 nullo
856 4119 950 4194 pacto
965 4113 1051 4178 credi
1059 4113 1164 4193 possit
1179 4111 1253 4194 lepis
1268 4111 1456 4176 conditorem
1472 4110 1719 4193 Burpundicum
1736 4114 1820 4177 iuris

170 4217 309 4282 Romani
335 4216 472 4297 exemplo
498 4240 592 4282 usum
619 4239 696 4296 esse,
729 4219 896 4298 eademque
925 4238 1024 4280 consa
1053 4218 1148 4280 etiam
1180 4217 1206 4280 ii
1236 4214 1438 4295 refelluntur,
1474 4217 1531 4296 qui
1560 4215 1636 4296 lepis
1665 4218 1820 4282 conditori

126 4344 150 4383 ss
169 4341 283 4404 corpus
298 4319 397 4402 lepum
416 4322 442 4384 V
443 4320 645 4403 isipotborum
660 4327 791 4402 praesto
804 4321 905 4402 fuisse
914 4325 1046 4400 putant,
1069 4319 1273 4382 etiamsinon
1287 4339 1400 4399 nepem,
1423 4318 1516 4381 irnmo
1525 4320 1637 4398 potius
1652 4320 1817 4400 affirmem,

168 4425 315 4488 iuteresse
336 4422 474 4505 aliquem
497 4446 672 4488 connevum
694 4425 777 4489 inter
792 4423 868 4506 lepos
883 4424 1153 4506 Buryundionum
1175 4428 1203 4486 et
1223 4421 1301 4503 lepos
1322 4421 1561 4504 Visiyotborum.
1601 4423 1678 4487 Meu
1693 4426 1819 4504 quidem

167 4529 324 4592 sententia
343 4528 562 4592 Gundobodus
584 4529 621 4591 in
642 4528 849 4608 componendo
872 4547 997 4607 corpore
1019 4526 1120 4609 boum
1142 4526 1177 4589 in
1199 4527 1381 4590 universum
1404 4547 1474 4589 cnm
1495 4525 1637 4590 ordinem
1654 4527 1820 4592 titulorum

167 4637 293 4694 secutus
323 4637 382 4708 est,
411 4653 501 4713 quem
525 4633 558 4695 in
581 4632 626 4696 eis
648 4632 925 4696 constitutionibus
946 4651 1054 4712 repum
1077 4631 1214 4706 invenit,
1243 4649 1324 4710 quae
1347 4629 1470 4692 iamin
1492 4651 1585 4710 repno
1608 4630 1818 4713 Burpundioo

167 4734 308 4799 collectae
337 4737 512 4800 enstabont.
558 4735 652 4800 Recte
679 4736 763 4799 enim
794 4735 859 4799 iam
886 4734 1038 4812 Blubme,
1060 4734 1129 4798 LL.
1153 4734 1226 4811 III,
1249 4756 1285 4814 p.
1303 4735 1375 4798 525.
1403 4753 1442 4796 en
1472 4733 1565 4796 initio
1589 4735 1717 4814 primae
1746 4757 1817 4800 con-

124 4839 344 4902 restitutionis
360 4837 499 4919 planum
520 4839 607 4919 fecit,
641 4840 707 4903 iam
729 4843 803 4903 onte
825 4859 922 4919 quam
937 4837 1156 4902 Gundebadus
1178 4858 1291 4918 corpus
1313 4836 1413 4918 lepum
1435 4836 1536 4900 ederet
1558 4836 1700 4901 collectos
1718 4839 1819 4919 t'uissc

165 4942 419 5020 corestitutioncs;
458 4943 542 5006 unde
571 4942 668 5006 ctreeet
697 4944 807 5007 ordine
836 4942 1098 5006 constitutionum
1126 4940 1352 5022 quodammodo
1377 4979 1417 4987 -
1440 4941 1620 5005 cautissime
1649 4946 1754 5006 tonnn
1779 4981 1816 4990 -

165 5045 209 5109 ad
230 5050 403 5126 temporum
424 5047 565 5110 rationes
587 5047 797 5127 exquirendas
819 5045 869 5108 ati
890 5045 978 5109 nobis
1001 5044 1102 5108 licere.

272 5174 408 5240 Nomine
429 5173 710 5240 ‘Oorestitutionnm
735 5174 1019 5257 eatravopontium’
1047 5194 1100 5237 cas
1131 5173 1390 5237 constitutionum
1417 5194 1524 5254 repam
1546 5174 1818 5256 Burpundionum

166 5279 256 5343 nobis
278 5279 416 5342 traditas
437 5277 758 5359 complectisolemus,
780 5299 862 5359 quos
884 5276 961 5341 liber
983 5277 1243 5342 constitutionum
1264 5275 1393 5340 novellis
1414 5275 1629 5357 amplificatus
1648 5284 1678 5342 et
1697 5279 1818 5344 divisus

123 5399 148 5439 ⁴⁵
167 5383 203 5446 in
226 5383 266 5447 88
283 5381 391 5445 titulos
409 5403 473 5446 non
488 5382 587 5446 babet.
626 5382 681 5446 Ec
703 5383 745 5445 iis
766 5403 846 5463 quoe
868 5383 934 5445 iam
950 5381 1091 5444 divimus
1106 5385 1201 5460 atque
1215 5401 1254 5444 en
1269 5381 1529 5444 annotationibus
1543 5383 1657 5462 qudrus
1672 5383 1731 5446 bas
1745 5404 1817 5448 con-

166 5486 346 5550 stitutiones
369 5483 597 5548 illustravimus
618 5484 767 5566 efficitur,
793 5485 853 5548 bas
875 5505 939 5548 esse
957 5485 1079 5564 partim
1101 5483 1339 5547 corrstitationes
1354 5489 1530 5563 parentum
1554 5483 1755 5563 Gundebadi,
1779 5487 1818 5550 ab

166 5727 367 5778 connumerato
384 5723 425 5776 len
441 5722 637 5776 constitutionis
650 5723 754 5791 purum
772 5723 822 5775 um
840 5721 1064 5776 consuetudinum
1081 5738 1109 5776 re
1126 5738 1190 5776 vera
1207 5739 1263 5776 non
1279 5728 1390 5790 ruunt,
1412 5724 1550 5778 sioccasio
1561 5724 1620 5790 sert,
1639 5723 1669 5776 in
1680 5724 1741 5792 ipso
1752 5725 1818 5778 libro

167 5828 388 5887 constitutionum
404 5827 609 5885 cuouaoauu
627 5833 872 5897 commemorantur,
890 5828 940 5896 cfr.
959 5829 997 5883 tit.
1011 5828 1053 5887 46.
1066 5829 1107 5884 51.
1121 5829 1162 5884 60.
