4492 6638
655 589 766 647 LEGES
784 588 1093 646 BURGUNDIONUM.
1113 619 1145 628 -
1165 587 1381 644 PRAEFATIO.
1805 591 1846 653 27

191 763 236 826 ad
261 766 438 826 coreteatum
464 762 585 843 fumeae
600 761 634 826 B
655 761 830 845 delepatur;
864 762 978 843 qurbrm
1007 761 1121 826 litteris
1147 762 1183 826 id
1212 766 1338 826 tantum
1360 761 1573 826 demonstrare
1601 758 1759 837 volumus,
1788 764 1845 841 §2

191 887 263 929 cum
285 867 304 943 ξ
325 871 337 928 1
362 866 568 945 cobaeruisse,
591 867 627 929 in
649 866 744 930 dubia
766 871 872 930 tamen
893 864 1110 946 relinquentes,
1131 863 1332 947 aurelianus
1354 869 1458 929 tentus
1480 869 1516 946 (ξ
1533 868 1552 927 2
1568 865 1651 945 sqq.)
1674 862 1748 928 olim
1769 864 1846 928 talis

190 969 304 1049 fuerit,
331 969 437 1051 qualis
458 971 495 1034 in
517 969 675 1034 codicibus
696 969 784 1033 nobis
806 969 947 1033 traditus
968 975 1022 1033 est.
1067 969 1189 1034 Forma
1210 968 1245 1032 B
1266 969 1355 1032 initii
1371 969 1498 1050 pumice
1520 968 1756 1032 constitutionis
1777 988 1846 1032 eom

190 1071 325 1152 farinam
353 1073 486 1151 ecbrbet,
516 1094 581 1154 qua
603 1073 761 1138 codicibus
781 1073 933 1139 traditur.
975 1073 1062 1154 Quae
1083 1074 1259 1138 auctoritas
1281 1071 1355 1136 buic
1378 1071 1547 1136 traditioni
1568 1070 1772 1136 attribuenda
1793 1073 1845 1150 sit,

162 1175 258 1239 siam
279 1195 381 1256 supra
402 1175 551 1240 dicimus.

298 1277 410 1342 Editio
437 1277 512 1343 libri
537 1279 797 1343 corstitutionum
820 1279 995 1360 praecipue
1017 1278 1176 1342 codicibus
1198 1277 1257 1343 Al
1284 1283 1314 1342 et
1335 1278 1401 1342 Ae
1427 1278 1553 1355 nititur,
1583 1278 1639 1342 sed
1665 1298 1731 1343 non
1759 1278 1846 1353 adeo,

191 1385 237 1458 ut,
259 1380 315 1444 ubi
335 1381 372 1444 iu
393 1381 436 1444 iis
457 1381 647 1462 manifestus
668 1402 756 1445 error
778 1387 831 1459 est,
854 1381 930 1445 laec
951 1379 1037 1463 salsa
1060 1379 1148 1446 lectio
1170 1382 1207 1445 in
1229 1385 1348 1445 tentum
1370 1386 1502 1463 recepta,
1525 1382 1639 1446 rectior
1654 1381 1742 1445 lectio
1762 1382 1846 1444 inter

190 1489 283 1548 notas
305 1489 430 1549 tantum
452 1490 689 1549 commemorata
711 1486 773 1562 sit,·
798 1505 875 1548 nam
897 1485 992 1548 etiam
1011 1484 1066 1548 boc
1089 1483 1315 1548 obseruandum
1337 1488 1391 1561 est,
1414 1483 1549 1548 lacunas
1563 1485 1719 1566 quasdam
1733 1484 1845 1548 borum

192 1587 332 1651 codimem
363 1608 401 1651 eu
430 1587 506 1652 aliis
536 1588 693 1653 codicibus
721 1586 889 1668 explendas
916 1587 1033 1667 fuisse·
1068 1607 1173 1651 omnes
1202 1592 1308 1651 autem
1339 1585 1482 1652 actiones
1511 1590 1548 1652 in
1577 1594 1755 1654 contentum
1783 1607 1848 1652 non

149 1715 175 1752 m
191 1696 331 1772 receptae
358 1691 474 1755 codicis
495 1692 556 1755 Al
584 1689 631 1755 vel
652 1691 713 1755 Ao
746 1691 830 1755 inter
863 1696 955 1754 notas
986 1691 1203 1755 inveniuntur,
1261 1690 1450 1771 Apparatus
1482 1694 1648 1757 variarum
1682 1690 1847 1755 balanum

191 1794 326 1874 fortasse
352 1795 456 1858 maior
477 1799 507 1858 et
532 1793 660 1859 inutilis
680 1795 818 1872 uidetur,
849 1793 904 1858 sed
919 1795 1031 1875 potius
1052 1793 1208 1875 ampliora
1230 1814 1326 1875 quam
1348 1795 1473 1860 minora
1488 1796 1641 1876 praebere
1663 1793 1765 1872 oolm';
1797 1795 1847 1860 iu·

190 1897 404 1962 numerabilia
433 1902 538 1962 tamen
562 1899 643 1962 vitia
671 1898 912 1980 mtboprapbica
940 1903 970 1962 et
994 1898 1218 1980 praumatus,
1256 1918 1337 1978 quae
1368 1919 1440 1963 eum
1472 1899 1509 1962 in
1541 1899 1650 1962 oeteis
1679 1898 1846 1975 codicibus,

192 2005 259 2064 turn
285 2002 323 2066 in
343 2002 376 2065 A
389 2005 418 2066 3.
441 2000 476 2065 B
489 2006 517 2067 1.
540 2001 603 2065 Bo
632 2008 818 2080 occurrunt,
851 2002 952 2067 omisi.
1005 2002 1095 2083 Quod
1120 2002 1164 2066 ad
1190 2002 1427 2066 constitutiones
1456 2006 1696 2084 ecuaoapantes
1724 2002 1846 2078 attinet,

191 2105 349 2185 imprimis
370 2105 490 2170 aedues
511 2105 574 2171 As
599 2111 628 2169 et
649 2106 717 2170 Ab
740 2106 929 2186 respiciunt
951 2111 1052 2170 munt.

147 2229 173 2269 ιε
300 2206 446 2289 Denique
467 2214 504 2273 ut
526 2208 570 2272 ad
591 2207 683 2290 Qun
704 2208 882 2274 Rmnauam
904 2213 1073 2286 tremerem,
1097 2229 1136 2273 ea
1156 2208 1342 2290 fracmentis
1364 2209 1481 2273 codicis
1497 2210 1558 2273 Al
1587 2213 1729 2292 apparet,
1753 2227 1848 2289 quam

183 2330 367 2390 peruersum
395 2313 451 2390 sit,
481 2313 628 2394 quadiu
655 2312 759 2376 codice
778 2314 810 2377 A
826 2314 860 2390 2,
893 2313 987 2376 cuim
1007 2312 1184 2376 auctoritas
1204 2311 1270 2391 fere
1291 2312 1481 2393 pronissime
1503 2317 1563 2389 est,
1587 2311 1676 2376 lectio
1698 2316 1848 2393 corrupta

190 2414 254 2478 siue
276 2413 428 2479 damnoso
449 2416 513 2480 sire
534 2415 682 2480 mendoso
705 2417 896 2494 invematur,
919 2416 988 2480 ideo
1011 2415 1155 2481 lectiones
1176 2415 1318 2480 codicum
1332 2416 1364 2481 A
1378 2419 1461 2480 3-5
1483 2417 1520 2480 in
1534 2420 1627 2480 notas
1642 2420 1768 2480 tantum
1784 2413 1848 2480 ioco

190 2519 357 2581 carrarum
381 2516 548 2583 lectionum
569 2520 714 2599 recipere.

302 2623 386 2704 Quas
413 2622 494 2689 laem
519 2625 700 2688 coniectura
727 2624 904 2688 enudatos
929 2624 966 2686 ia
995 2628 1084 2687 textu
1110 2621 1252 2699 exhibui,
1285 2623 1378 2687 uncis
1407 2621 1525 2687 inclusi
1559 2628 1643 2688 sunt.
1689 2621 1848 2687 Normun·

147 2748 175 2788 m
191 2745 288 2806 quam
309 2727 404 2791 etiam
420 2727 571 2808 priorum
592 2727 764 2792 editionum
787 2726 858 2791 lect'
831 2733 930 2792 teones
952 2726 1088 2804 reddidi,
1109 2724 1299 2792 Ouiacii—
1321 2730 1397 2790 sunt
1419 2726 1511 2803 enim,
1534 2726 1592 2806 qui
1613 2726 1682 2790 eius
1704 2724 1849 2790 lectiones

191 2829 360 2909 tantidem,
389 2831 504 2912 quanti
531 2831 672 2896 codicum
693 2831 787 2910 fidem
808 2830 992 2911 faciant-
1023 2829 1087 2894 Til'
1075 2849 1184 2907 ranae,
1213 2829 1521 2910 Lindcnbropianae,
1551 2827 1691 2893 aliarum
1716 2849 1750 2893 eo
1772 2847 1845 2892 eon-

191 2931 271 3010 silio,
293 2939 340 3012 ut,
363 2955 428 3016 qua
450 2956 485 2999 re
505 2935 589 2998 inter
610 2955 643 2998 se
664 2933 830 3012 differrent
852 2939 881 2997 et
902 2953 984 3014 quoe
1006 2933 1146 2997 bmnines
1164 2933 1247 2998 docti
1268 2933 1432 2997 emendare
1452 2930 1571 3010 vellent,
1595 2931 1792 2996 ostenderem.

297 3038 341 3102 In
367 3039 465 3116 notis,
496 3038 541 3102 ad
561 3037 783 3118 explicandum
806 3041 984 3101 contectum
1005 3037 1142 3114 additis,
1174 3057 1271 3118 quom
1292 3036 1493 3100 brmissimus
1515 3056 1579 3099 esse
1603 3035 1715 3099 studui
1722 3054 1733 3113 ,·
1765 3035 1850 3115 quod

191 3140 236 3203 ad
263 3161 370 3205 eorum
396 3141 639 3221 disputationes,
675 3141 733 3221 qui
760 3138 887 3221 sinqula
915 3140 1100 3204 accuratius
1126 3140 1324 3217 examinant,
1361 3138 1513 3221 dclcpaoi,
1552 3137 1619 3203 noli
1640 3143 1761 3219 putare
1791 3159 1848 3216 nee,

147 3266 174 3306 n
192 3263 395 3325 quaeeunque
417 3243 467 3307 illi
486 3245 549 3308 oiri
571 3244 655 3308 docti
677 3244 886 3324 exposuerint,
909 3263 1047 3320 snmere;
1067 3253 1165 3308 ansas
1179 3244 1300 3324 potius,
1322 3247 1360 3305 ut
1382 3243 1430 3306 ita
1452 3243 1565 3322 dicum,
1581 3243 1733 3323 praebere
1751 3240 1845 3319 oolrri,

189 3350 228 3408 ut
258 3346 295 3410 iu
325 3367 395 3411 eam
424 3368 504 3424 rene,
539 3347 577 3411 de
604 3367 669 3428 qua
699 3345 749 3410 illi
776 3347 1030 3426 disputauerunt,
1065 3347 1250 3410 accuratius
1278 3346 1502 3427 inquireretur.
1548 3345 1592 3410 Iu
1614 3345 1675 3428 lepe
1698 3345 1847 3410 Romana

190 3449 323 3513 maciem
337 3450 440 3529 pretii
461 3471 525 3514 esse
541 3450 658 3533 putaui
680 3449 792 3530 fantes·
804 3448 1001 3530 sinpulorum
1022 3454 1215 3513 statutorum
1237 3449 1386 3513 indicari.

298 3552 467 3618 Prioribus
483 3554 701 3637 paraprapbis
723 3573 788 3635 oua
810 3553 933 3617 ratum
955 3552 1153 3635 stupidorum
1173 3553 1315 3618 codicum
1331 3553 1534 3635 copnitionem
1556 3552 1636 3616 milei
1653 3553 1845 3636 paraverim,

190 3656 329 3736 esposui.
383 3655 495 3721 Restat
522 3663 560 3721 ut
587 3658 745 3722 maximas
771 3653 1009 3738 sinpularesque
1037 3656 1161 3738 pratras
1189 3655 1232 3718 iis
1259 3655 1338 3718 uiris
1365 3675 1472 3736 acam,
1507 3654 1564 3736 qui
1593 3655 1629 3718 in
1656 3655 1847 3736 conficiendo

145 3780 172 3820 so
190 3779 279 3840 opere
308 3781 356 3824 me
385 3760 596 3839 adiuverunt,
625 3761 784 3842 imprimis
810 3757 1072 3823 oenmobilrssimo
1099 3759 1316 3840 inoestrpatori
1338 3757 1438 3840 Qum
1459 3756 1731 3839 Burpundionum
1753 3756 1845 3822 J.-E.

197 3860 477 3941 Valentia-Smitb,
504 3865 582 3928 viris
604 3864 830 3929 illustrissimis
853 3861 886 3928 C.
904 3862 1058 3944 Bindinp,
1086 3861 1120 3928 0.
1138 3861 1244 3926 Ritter
1266 3862 1302 3926 ob
1325 3861 1501 3942 osticmsmn
1523 3866 1618 3941 atque
1639 3860 1846 3925 utilissimum

189 3965 226 4030 in
255 3967 418 4046 parandis
451 3968 593 4032 codicum
626 3967 844 4033 eollatmnibus
877 3966 1052 4043 armillum,
1088 3966 1260 4047 praefectis
1292 3963 1546 4029 bibliothecarum
1576 3962 1779 4029 Berolineusi
1819 3968 1848 4027 et

190 4067 383 4149 Purisiensi,
413 4091 486 4135 cum
507 4073 626 4137 codices
648 4071 861 4153 inspiciendos
881 4070 961 4135 milii
983 4071 1159 4147 t,raderent
1186 4069 1253 4134 uiro
1275 4067 1436 4133 excellent
1409 4069 1530 4132 tissima
1553 4067 1592 4131 L
1608 4066 1740 4144 Delrsle,
1763 4067 1848 4148 quad

190 4173 263 4236 ut
249 4175 418 4254 emaoincm
440 4175 556 4240 codicis
578 4174 774 4240 Pmnsrensis
795 4176 878 4239 4758
896 4173 1176 4256 pbatoqrapbicam
1197 4171 1277 4237 mibi
1291 4192 1445 4253 pararem
1459 4171 1616 4253 permisit,
1639 4191 1721 4253 quae
1742 4171 1845 4252 imapo

146 4296 173 4336 ss
190 4295 213 4337 a
233 4274 392 4355 fratrebus
412 4277 544 4344 Bossert
566 4277 716 4342 Basileae
738 4277 827 4358 facta
849 4281 903 4340 est.

298 4463 426 4530 Dabam
448 4464 654 4544 Basileae,
681 4470 729 4529 15.
753 4465 804 4530 die
825 4465 941 4530 mnus
964 4464 1084 4530 Martii
1110 4466 1201 4530 1890.

1007 4701 1278 4771 LUDOVIOUS
1298 4701 1550 4770 RUDOLFUS
1573 4700 1643 4767 DE
1661 4701 1801 4768 SALIS.
