4492 6638
349 647 351 652 ,
451 605 493 667 22
916 599 1029 658 amas
1049 598 1357 656 BURGUNDIONUbL
1374 629 1408 642 -
1427 599 1642 655 PRAEFATIO.

451 779 481 836 et
499 772 643 838 Obtorto
665 773 941 840 christianissimis
961 774 1086 857 repibns
1101 774 1199 855 parius
1221 774 1298 838 editi
1328 780 1358 838 et
1372 779 1567 855 postrunum
1588 793 1610 835 a
1627 771 1738 838 Garoio
1753 772 1875 856 Mopuo
1896 773 2055 838 amendati
2078 778 2108 836 ot

451 878 554 954 aucti,
577 878 650 942 item
673 876 751 960 lepos
772 878 1056 961 Burpnndionum,
1079 877 1352 956 Amuanuaum,
1375 877 1553 954 Senonum,
1576 875 1845 953 Baiuoariorum,
1870 875 2106 960 Ripiuomorncrri

451 1003 490 1044 rc
511 981 664 1047 ueteribus
686 981 776 1047 libris
797 983 1022 1047 mundatiores
1043 987 1072 1046 et
1094 982 1260 1046 auctiores.
1305 980 1447 1046 Parisiis
1468 1001 1507 1044 cu
1529 979 1661 1060 officina
1682 979 1795 1044 dccobi
1822 980 1866 1043 dn
1890 979 1976 1063 Paps
2004 982 2106 1045 ¹573&

560 1093 702 1176 Sinpubis
728 1098 834 1158 autem
861 1093 960 1158 buius
987 1083 1089 1176 operis
1115 1092 1262 1174 partibus
1290 1093 1356 1156 iam
1382 1097 1455 1156 onte
1483 1111 1605 1156 annum
1625 1094 1717 1155 1557.
1747 1091 1830 1173 tppis
1851 1093 2020 1172 emnessis,
2048 1092 2107 1156 itm

451 1197 547 1262 editio
573 1219 637 1264 nou
661 1197 756 1280 plane
783 1218 864 1263 nova
887 1203 946 1276 est,
975 1198 1030 1262 sed
1056 1196 1191 1262 collectio
1218 1203 1263 1261 cst
1285 1198 1432 1278 partium
1458 1197 1524 1260 ram
1546 1199 1620 1259 ante
1640 1193 1825 1276 sinpubatim
1847 1195 2022 1274 cditaram,
2053 1198 2105 1262 in·
2141 1225 2153 1262 s

450 1302 620 1382 scriptione
641 1323 723 1383 auae
752 1307 851 1367 totum
879 1322 959 1383 opus
985 1300 1222 1383 amplecteretur
1247 1301 1370 1364 addita,
1417 1299 1526 1364 Tutia
1548 1318 1630 1378 pars
1652 1318 1734 1379 quoe
1754 1298 1928 1380 ‘Antiquae
1950 1299 2105 1382 Burpuu·

451 1407 582 1470 dionum
604 1405 691 1488 tepes’
713 1406 911 1485 inscribitur,
935 1408 975 1470 95
993 1407 1126 1488 papiu-is
1146 1404 1261 1470 tibrum
1280 1404 1540 1468 corstitutionum
1555 1402 1851 1482 constitutionesque
1865 1407 2107 1486 eatraoopantes

452 1510 604 1587 cardinem
634 1508 712 1573 tiber
737 1514 844 1573 autem
871 1510 1132 1574 constitutionum
1159 1508 1263 1572 indice
1293 1505 1458 1571 titntmum
1480 1526 1519 1570 oc
1534 1507 1645 1586 prima
1667 1506 1887 1570 coristitutiouc
1909 1510 2105 1589 compositis,

451 1611 543 1677 nulla
569 1613 775 1692 inscriptione
796 1612 955 1694 siupubari
977 1613 1105 1690 addita,
1137 1614 1179 1677 89
1201 1612 1378 1675 nunioratis
1400 1607 1504 1674 titulis
1526 1609 1704 1686 cauatam
1739 1611 1977 1676 constitutiones
1998 1618 2105 1676 cutro-

451 1720 601 1796 oapantes
624 1715 859 1780 ‘Additamento
886 1715 986 1797 tepum
1009 1715 1289 1797 Burpuudionum'
1313 1716 1353 1779 20
1377 1711 1555 1791 titulorum,
1585 1718 1680 1795 atqcue
1702 1712 1936 1780 ‘Additamento
1958 1717 2105 1781 secunda'
2126 1743 2152 1780 lu

452 1818 688 1900 cmnpncbcnsae
709 1825 817 1896 erant;
850 1825 941 1884 erant
963 1841 1083 1896 omues,
1112 1820 1141 1883 si
1163 1820 1402 1884 emistitutiones
1423 1820 1489 1883 iam
1511 1820 1548 1884 in
1570 1819 1662 1883 tituto
1677 1822 1728 1885 89.
1752 1819 1826 1884 iibri
1846 1823 2107 1890 constitutionum

452 1925 611 1988 ecstantes
633 1924 815 2005 rumpimus,
838 1924 1075 1988 emutitutumcs
1096 1927 1338 2006 eutraoapautes
1358 1929 1453 2004 otqrm
1470 1928 1637 2003 praeterea
1658 1924 1721 1988 duo
1744 1923 1831 1987 tituli
1853 1924 1927 2006 bepis
1942 1926 2107 1992 Rmcanoe

453 2027 558 2091 codice
570 2027 637 2126 At
660 2029 777 2092 seruat'
799 2033 854 2109 (=
871 2027 982 2092 Addit.
999 2028 1027 2105 Ι,
1050 2027 1099 2091 tit.
1120 2033 1145 2092 l.
1164 2032 1192 2091 et
1213 2031 1275 2112 19).

563 2139 651 2221 Qirae
683 2140 778 2204 editio
804 2139 955 2220 princeps
989 2140 1108 2205 codices
1134 2139 1166 2203 A
1182 2145 1209 2202 1.
1232 2138 1307 2203 135.
1330 2139 1393 2203 Ac
1424 2139 1576 2220 sequitur.
1633 2138 1736 2203 Titius
1769 2140 1892 2204 etiamsi
1918 2140 2107 2224 panemque

453 2240 612 2307 lectionem
639 2243 754 2307 codicis
775 2243 837 2306 Al
863 2244 978 2322 recepit
1004 2243 1085 2323 (iltis
1106 2242 1173 2308 scil.
1197 2243 1332 2325 exceptis
1353 2243 1643 2322 corastitutianibus,
1674 2244 1731 2324 qui
1758 2244 1858 2308 codici
1879 2245 1938 2309 At
1968 2246 2105 2327 desunt),
2126 2270 2150 2307 a

453 2353 559 2413 tamen
585 2369 678 2429 soepc
704 2333 812 2414 codice
829 2350 893 2413 Aa
915 2370 996 2413 usus
1023 2355 1085 2427 est,·
1117 2370 1208 2430 saepe
1236 2350 1331 2413 etiam
1353 2348 1490 2428 aliquem
1512 2347 1613 2412 mum
1638 2348 1825 2412 immutavit.
1873 2350 2018 2431 Quarum
2045 2351 2105 2415 im-

452 2453 680 2531 mutationum,
711 2453 856 2534 quomois
881 2451 1052 2517 nonnullae
1074 2453 1305 2518 emundationes
1332 2452 1492 2516 habendae
1514 2452 1593 2528 sint,
1625 2450 1713 2514 baud
1728 2472 1856 2531 paucae
1878 2458 1982 2516 tamen
2003 2453 2107 2533 sotsac

453 2561 548 2636 atarto
564 2555 661 2637 piano
683 2557 860 2621 reiciendae
881 2561 965 2620 snut.

561 2662 592 2728 2.
637 2659 748 2725 Editio
762 2658 884 2724 Basilii
900 2659 1055 2724 Iohannis
1070 2657 1250 2736 Herotdi,
1272 2680 1354 2740 quoe
1374 2659 1495 2722 tua-m
1518 2663 1562 2722 cst
1582 2657 1761 2739 ‘Oripinum
1783 2679 1821 2722 ac
1840 2659 2106 2724 Geromnicarum
2135 2685 2136 2688 ¹

453 2765 683 2845 antiquitatum
712 2763 811 2829 libris'
842 2763 992 2828 Basiteae
1019 2784 1080 2843 per
1106 2762 1281 2827 Hemicum
1314 2762 1398 2826 Pctri
1436 2783 1537 2827 menese
1565 2761 1736 2841 Sepiteuibri
1762 2783 1791 2824 a.
1812 2767 1903 2826 1557.
1935 2763 2106 2844 inpressis,
2125 2790 2152 2829 io

447 2870 683 2948 p.149-158;
704 2869 762 2949 cfr.
779 2867 910 2946 Merkel,
934 2867 1003 2931 LL.
1018 2867 1084 2943 III,
1101 2868 1209 2946 p.28;
1231 2865 1369 2930 Btubme
1393 2866 1466 2930 ibid.
1478 2885 1513 2946 p.
1528 2869 1600 2929 521.
1634 2863 1787 2943 Titutum,
1809 2866 1866 2946 qui
1880 2872 1941 2931 est:
1963 2868 2014 2930 ‘In
2028 2865 2108 2949 lepos

452 2970 725 3054 Burpundionum
739 2971 931 3036 Gecndobadi
944 2970 1040 3051 Rapis
1054 2970 1227 3050 praefatio’
1250 2971 1393 3050 sequitur
1409 2969 1573 3049 inscriptio
1587 2969 1714 3049 primae
1728 2971 1972 3048 constitutionis,
1995 2970 2107 3035 ‹teinde

452 3073 524 3153 ipso
550 3075 746 3153 cmcstitutio,
779 3073 843 3138 loco
868 3073 1032 3138 nominum
1061 3073 1209 3136 comitum
1234 3073 1377 3152 prinum
1405 3072 1657 3136 constitutionem
1684 3073 1776 3136 verba
1798 3073 1880 3151 eius,
1912 3075 1968 3155 qui
1990 3072 2106 3139 librum

453 3177 567 3255 edidit,
593 3177 653 3255 vel,
681 3183 719 3241 ut
734 3176 870 3258 planius
891 3177 1012 3254 dicam,
1040 3177 1097 3257 qui
1119 3175 1168 3240 itti
1189 3176 1405 3258 apoprapbum
1428 3177 1511 3258 typis
1532 3177 1770 3256 capnimeudum
1792 3177 1891 3255 dedit,
1913 3183 2108 3258 sequuntur:

453 3282 592 3344 ‘uomina
608 3285 713 3344 aiotcm
728 3281 862 3362 tripinta
878 3282 1025 3345 comitum
1040 3281 1097 3362 qui
1113 3279 1195 3344 banc
1209 3281 1357 3344 inanibus
1371 3280 1624 3345 constitutionem
1637 3280 1862 3344 subscribentes
1872 3281 2106 3359 roboraverunt,
2126 3305 2153 3345 ea

454 3385 600 3450 brevitati
621 3385 751 3450 studens
773 3386 932 3452 mnittam'.
970 3386 1088 3450 Tantus
1109 3384 1183 3450 iibri
1205 3385 1464 3449 corstitutionum
1485 3383 1522 3447 in
1543 3383 1603 3447 bric
1619 3385 1753 3448 editione
1768 3383 1877 3448 titulos
1892 3388 2004 3449 1-19.
2020 3385 2056 3469 (ᾗ
2070 3389 2106 3468 5)

453 3489 670 3570 amplectitur;
699 3490 815 3554 desinit
837 3489 913 3555 biber
935 3472 1195 3554 corstitutionum
1216 3490 1252 3552 in
1274 3489 1363 3553 uerbo
1386 3489 1563 3568 constituit,
1585 3488 1662 3568 linis
1683 3487 1766 3552 deest
1788 3488 1955 3569 decrotque
1970 3488 2107 3568 fortasse

454 3594 551 3658 etiam
573 3593 674 3659 codici
695 3595 920 3673 moncnmipta,
943 3614 1005 3676 arco
1027 3592 1148 3658 Hcrobd
1168 3594 1205 3657 iu
1226 3593 1360 3657 cditiorm
1382 3614 1442 3656 sua
1465 3613 1544 3656 usus
1566 3597 1620 3668 cst,
1644 3591 1679 3654 id
1695 3592 1780 3673 quod
1797 3592 1915 3655 verbis:
1945 3590 2107 3657 ‘hactenus

453 3717 535 3777 auae
549 3695 661 3760 babere
670 3697 853 3776 potuimns',
871 3697 1080 3761 demonstrari
1095 3697 1226 3761 videtur.
1254 3695 1385 3760 Glossae
1399 3695 1597 3778 marpinaies,
1613 3716 1694 3776 auae
1710 3696 1745 3758 iu
1757 3695 1891 3758 cditimrc
1905 3699 1989 3772 suut,
2004 3717 2106 3760 mnen-

355 3789 356 3794 ἵ
454 3800 597 3865 {tationes
612 3800 689 3877 cius,
712 3801 769 3881 qui
783 3801 948 3866 editionum
964 3802 1096 3878 curavit,
1113 3801 1259 3866 indentur
1273 3821 1353 3877 essc;
1379 3801 1501 3865 litteras
1515 3805 1630 3876 auteur,
1653 3821 1734 3880 qroac
1747 3800 1848 3863 variis
1863 3799 1899 3863 in
1913 3797 1988 3861 tacis
2003 3802 2106 3864 textui
2124 3824 2152 3863 so

453 3903 591 3968 insertae
609 3909 695 3981 suut,
717 3904 762 3967 ad
779 3909 879 3983 notos,
903 3925 984 3986 quac
998 3905 1034 3970 in
1048 3904 1219 3986 appendice
1233 3908 1417 3985 sequantur,
1440 3902 1579 3984 deiepare
1593 3904 1784 3968 coniecerim.
1818 3902 1987 3968 Eiusmodi
2001 3910 2108 3970 autem

454 4007 657 4088 appendicem
680 4029 758 4088 apua
779 4010 966 4090 impressum
983 4030 1049 4074 non
1062 4010 1162 4075 babet.
1198 4009 1280 4074 Ioco
1294 4009 1506 4086 metricorum,
1528 4010 1558 4072 si
1580 4029 1661 4090 puae
1683 4007 1834 4088 lonpiorcs
1855 4012 1956 4085 mant,
1979 4009 2036 4088 qui
2058 4029 2107 4072 co-

454 4111 554 4175 dicem
575 4111 675 4176 edidit
697 4112 850 4178 breoiorcs
872 4119 1092 4195 coartatasque
1110 4113 1234 4197 posuit,
1258 4113 1394 4177 ruinicis
1415 4134 1496 4194 qicac
1519 4113 1555 4176 in
1582 4112 1740 4177 codicibus
1762 4112 1901 4176 traditae
1923 4117 2014 4177 mant
2036 4133 2108 4176 cuni

454 4219 543 4279 tectu
573 4216 758 4281 coniunctis.
803 4217 906 4282 ludeo
937 4217 1149 4298 capitulorum
1177 4239 1269 4299 auem
1291 4216 1411 4282 Heroid
1437 4216 1516 4281 libro
1545 4237 1603 4281 suo
1625 4217 1795 4297 praemisit
1825 4216 1941 4280 codicis
1966 4217 2106 4280 auctori-

455 4323 518 4382 tate
546 4319 609 4383 niti
640 4340 704 4384 uon
733 4321 864 4385 ridetur.
914 4319 1017 4386 Cadur
1046 4322 1113 4402 ipsc
1134 4321 1183 4403 (B
1199 4323 1263 4404 11),
1295 4322 1352 4401 qui
1378 4321 1510 4385 cditimoi
1535 4319 1653 4397 subest,
1685 4319 1750 4384 iarn
1777 4342 1841 4386 non
1862 4325 1980 4385 eistat:
2011 4320 2106 4384 editio
2126 4347 2152 4388 ss

454 4427 559 4487 tanton
593 4424 717 4488 uidetur
749 4425 856 4489 docere
890 4425 983 4490 rerba
1017 4425 1133 4490 codicis
1165 4431 1313 4490 accurata
1349 4424 1473 4488 reddita
1508 4445 1588 4501 csso,
1631 4424 1672 4487 iis
1703 4424 1838 4504 (monitis
1867 4445 1949 4504 ptum
1981 4423 2025 4487 ad
2057 4444 2108 4488 res

454 4526 712 4608 orthoprapbicas
749 4534 778 4592 ct
810 4530 1035 4611 praninmticas
1067 4530 1238 4611 pertinent.
1295 4528 1476 4612 Gornpturcs
1512 4528 1633 4594 codices
1666 4526 1803 4592 Hcroldo
1833 4533 1962 4608 praesta
1998 4527 2108 4608 fuisse,

454 4629 622 4696 verisimile
649 4650 712 4694 non
740 4636 799 4710 cst,
828 4634 858 4696 si
885 4632 1134 4710 consideramus,
1161 4653 1258 4714 qrmm
1280 4653 1417 4713 parium
1441 4636 1565 4712 partem
1587 4629 1661 4695 libri
1682 4631 1942 4696 constitutionum
1963 4630 2107 4696 ediderit.

433 4789 436 4794 Α
455 4735 598 4800 Litterae
619 4738 725 4798 amau
746 4755 828 4815 quas
849 4736 1154 4800 conmmmoraoimus
1175 4733 1362 4817 siuputarcs,
1390 4734 1527 4798 arationi
1551 4734 1738 4812 interiectae,
1768 4756 1830 4798 ima
1851 4735 1895 4798 ad
1916 4735 2025 4798 varios
2047 4733 2108 4798 alii

457 4839 625 4903 cuiusdam
648 4837 764 4903 codicis
786 4837 930 4920 deotimus
951 4839 1099 4903 videntur
1120 4838 1267 4920 debcparc.
2126 4865 2153 4904 a

563 4945 592 5006 3.
638 4942 981 5024 Lindenbropiaua
1010 4941 1104 5005 editio
1133 4946 1236 5004 eastat
1265 4941 1302 5004 iu
1323 4940 1483 5004 Fridcrici
1505 4941 1730 5006 Ioirutcubrucb
1752 4940 1877 5007 ‘Uari-ico
1899 4940 1999 5024 iopam
2020 4944 2107 5006 anti-

455 5067 592 5130 quarum
712 5045 923 5125 Fraomafurti
944 5045 1032 5126 rnrrcd
1053 5045 1232 5108 Jobauncm
1254 5049 1283 5108 ct
1305 5045 1470 5108 Amircam
1492 5044 1642 5108 Memmios
1664 5050 1693 5108 ct
1714 5049 1869 5110 cmnortcs
1891 5067 1976 5110 anno
2003 5049 2106 5115 1613!

450 5172 485 5232 p.
503 5151 690 5214 261—308.
713 5154 743 5212 et
761 5151 987 5214 1318—1325.
1038 5148 1182 5224 Editori,
1216 5149 1272 5228 oui
1304 5169 1382 5228 apim
1413 5147 1573 5212 inscribit:
1609 5149 1687 5213 ‘Len
1712 5148 1996 5231 Burpurutionum',
2024 5150 2108 5216 duae

455 5276 536 5336 quae
566 5253 753 5318 antecedunt
782 5254 932 5318 editiones
962 5276 1026 5319 nou
1056 5256 1179 5334 ipnotae
1211 5261 1306 5332 surd;
1342 5255 1476 5319 editione
1504 5255 1629 5336 quidam
1658 5257 1697 5320 ab
1720 5256 1857 5320 IIcrotdo
1887 5261 2001 5321 moram
2031 5279 2107 5323 raro

455 5359 576 5435 utitur,
617 5358 766 5422 editionis
797 5362 903 5422 mutan
930 5359 1092 5439 principis
1127 5358 1366 5439 amplitudirum
1396 5364 1426 5423 ct
1451 5358 1587 5438 faronem
1618 5381 1679 5424 sua
1711 5361 1846 5425 editione
1876 5360 2022 5425 imitatus
2051 5366 2107 5429 est.
2125 5385 2151 5424 a

459 5461 578 5528 Contra
610 5461 647 5524 in
679 5461 778 5524 vorbis
807 5461 1033 5525 cmostitucndis
1066 5463 1195 5540 saepius
1227 5462 1347 5526 codices
1377 5461 1574 5526 Parisienscs
1595 5461 1659 5526 B2
1687 5470 1717 5527 et
1739 5463 1802 5526 Ba
1832 5464 1976 5545 sequitur
2009 5485 2108 5546 oroque

456 5566 569 5630 obsunt
592 5563 749 5642 lectiones,
772 5585 853 5645 quac
874 5586 938 5630 riou
961 5565 1112 5643 traditae,
1135 5567 1190 5630 sed
1211 5566 1251 5629 ab
1272 5587 1320 5644 eo,
1343 5567 1399 5646 qui
1420 5586 1498 5645 opus
1524 5567 1635 5644 edidit,
1659 5568 1840 5632 erotundatae
1861 5568 1936 5632 siut.
1975 5569 2109 5632 litteris

457 5670 531 5732 ‘ms’
554 5667 600 5732 oct
623 5669 713 5731 ‘mss’
736 5669 780 5730 od
801 5669 919 5733 codices
942 5669 1007 5732 132
1029 5674 1058 5733 ct
1081 5669 1155 5747 Bt,
1179 5668 1293 5733 litteris
1315 5669 1375 5732 ‘ab’
1398 5670 1443 5734 ad
1462 5670 1629 5734 editionem
1649 5672 1828 5751 principem
1851 5671 2020 5752 delebatur.

566 5776 595 5835 4.
641 5771 753 5837 Editio
788 5771 877 5836 Petri
908 5773 1138 5855 Georpiscb,
1179 5775 1215 5837 in
1244 5772 1379 5854 ‘Corprus
1410 5774 1494 5837 iuris
1526 5773 1710 5838 (terrimooici
1742 5775 1870 5855 antiqui
1898 5823 1968 5852 ...,
2003 5773 2109 5839 Iirdac

458 5874 839 5956 Moprteburoicac1738!
862 5874 928 5940 coit.
946 5878 1125 5942 333-408.
1148 5877 1278 5955 inserta,
1300 5897 1381 5942 nora
1403 5875 1566 5942 collatione
1587 5877 1728 5942 codicum
1750 5899 1814 5943 non
1833 5879 1961 5944 nititur.
2127 5901 2153 5940 so
