4418 6652
424 1358 523 1447 con
559 1357 830 1430 RUBRIGAII
861 1358 1019 1431 LIBRI
1050 1233 1506 1432 UONgfflffilioNUM
1538 1356 1612 1427 ET
1633 1356 1791 1429 LEGIS
1816 1355 2084 1430 ROMANAE

862 1481 1029 1554 INTER
1055 1481 1119 1552 sii
1145 1475 1537 1551 GONFERIINTUII.

488 1663 682 1728 Rubricoc
705 1663 816 1728 Libri
837 1666 1163 1729 constitutionum:
1249 1675 1251 1755 l
1395 1661 1589 1727 Rubricnc
1612 1664 1728 1746 Lenis
1751 1664 1959 1728 Roscii-noc:

535 1801 554 1854 I.
583 1801 621 1854 De
639 1800 772 1855 libertate
791 1801 915 1856 donandi
935 1801 1061 1872 patribus
1080 1800 1224 1856 adtributa
1249 1798 1252 1895 J
1358 1799 1378 1852 l.
1407 1799 1447 1852 De
1465 1798 1554 1868 patris
1566 1799 1611 1853 vel
1623 1799 1720 1854 matris
1739 1800 1891 1856 donatione
1903 1803 1948 1856 rel
1969 1804 2081 1857 muniti-

614 1891 643 1942 et
661 1887 822 1942 muneribus
840 1888 921 1958 regis.
1250 1902 1252 1943 ι
1443 1885 1537 1940 centia
1555 1885 1736 1941 dominorum.

519 1972 553 2027 u.
581 1974 622 2027 us
640 1973 805 2028 homicidiis.
988 1973 990 1976 ’
1250 1948 1252 2025 Ι
1347 1971 1381 2024 u.
1409 1970 1449 2024 ne
1467 1971 1632 2028 homicidia.

503 2059 552 2113 III.
581 2060 620 2113 De
638 2059 817 2115 libertatibus
836 2078 976 2116 servorum
995 2065 1159 2116 nostrorum.
1249 2030 1253 2148 l
1335 2058 1382 2112 III.
1410 2058 1450 2113 ΒΘ
1468 2057 1654 2113 libertatibus.

505 2145 552 2199 IV.
581 2145 621 2198 De
639 2145 886 2201 sollicitationibus
905 2151 934 2200 et
951 2147 1041 2201 furtis.
1336 2145 1383 2198 IV.
1411 2145 1450 2198 De
1469 2145 1715 2201 sollicitationibus
1733 2153 1762 2203 et
1780 2149 1870 2204 furtis.

522 2231 555 2287 V.
584 2232 623 2285 De
649 2231 706 2299 his,
738 2233 786 2302 qui
815 2232 939 2304 flagello,
969 2234 1053 2295 fuste.
1083 2233 1159 2288 calce
1180 2232 1225 2286 vel
1349 2229 1381 2284 V.
1412 2231 1450 2284 ΒΘ
1469 2229 1578 2285 iniuriis
1596 2235 1647 2286 aut
1666 2233 1778 2290 cedibus
1797 2235 1933 2289 admissis.

615 2337 710 2389 pugno
730 2320 899 2389 percutiunt.
1730 2385 1731 2390 ἵ

506 2405 553 2459 VI.
581 2405 620 2459 ΒΘ
638 2405 773 2476 fugitivis.
1251 2391 1253 2455 l
1337 2402 1383 2457 VI.
1410 2403 1450 2457 De
1468 2403 1595 2474 fugitivis
1614 2405 1787 2474 inquirendis
1805 2407 1850 2461 vcl
1868 2408 2066 2464 discutiendis.

492 2490 552 2546 VII.
581 2491 620 2546 De
639 2491 724 2547 servis
743 2497 772 2547 et
789 2491 956 2562 originariis,
975 2492 1023 2561 qui
1043 2497 1179 2547 vocantur
1196 2493 1225 2546 in
1251 2494 1253 2585 l
1281 2490 1337 2556 (lsi.
1355 2489 1388 2543 L.
1407 2489 1483 2546 Itoni.
1502 2491 1542 2544 tit.
1562 2492 1584 2544 I.

614 2577 737 2632 crimine.
1251 2588 1253 2650 l

480 2663 555 2718 VIII.
584 2664 624 2718 De
643 2664 800 2721 obiectione
824 2664 983 2730 criminum,
1007 2683 1079 2734 quae
1099 2666 1226 2736 ingenuis
1252 2657 1253 2675 ¹
1323 2661 1383 2716 VII.
1411 2663 1450 2718 ΒΘ
1460 2663 1617 2720 obiectione
1631 2664 1777 2721 criminum
1790 2668 1835 2722 vel
1848 2667 2086 2738 inscriptionibus

615 2750 808 2807 intenduntur.
1444 2749 1627 2820 ingenuorum
1654 2752 1712 2806 sive
1742 2771 1892 2810 servorum.
1935 2755 1993 2821 Otr.
2022 2757 2085 2812 Lib.

1445 2843 1526 2892 const.
1549 2837 1587 2891 tit.
1607 2839 1648 2906 ii,
1666 2839 1756 2905 sabin
1781 2840 1845 2897 coo.
1867 2843 1963 2898 IIccod.
1984 2843 2045 2910 IX,
2060 2846 2085 2910 1,

509 3011 555 3066 IX.
583 3011 623 3066 ΒΘ
641 3010 738 3066 inlatis
756 3009 905 3066 violentiis.
1253 3000 1255 3085 l
1309 3009 1382 3064 VIII.
1410 3010 1450 3065 De
1469 3009 1619 3068 violentiis.

524 3098 556 3151 X.
586 3098 626 3152 ΒΘ
645 3097 841 3153 interfectione
860 3115 1000 3153 servorum
1020 3097 1181 3166 Burgundio
1200 3101 1228 3152 et
1253 3088 1256 3171 ξ
1283 3094 1341 3162 Cfr.
1360 3094 1394 3150 L.
1416 3097 1632 3164 laminitani.

616 3185 758 3239 Romanus
778 3201 833 3238 una
852 3183 1012 3239 conditione
1030 3187 1189 3240 teneantur.
1254 3174 1256 3311 ι

510 3270 557 3325 XI.
585 3271 625 3325 De
642 3269 756 3325 inflictis
775 3270 944 3325 vulneribus.
1254 3330 1257 3351 Ι
1284 3266 1341 3335 Ost.
1360 3268 1393 3322 L.
1415 3269 1492 3324 Rom.
1510 3272 1550 3326 tit.
1569 3274 1594 3326 5.

497 3357 558 3412 XII.
586 3358 626 3411 ΒΘ
643 3356 772 3426 raptibus
791 3357 956 3426 puellarum.
1254 3378 1257 3501 Ι
1340 3355 1386 3410 ΙΧ,
1414 3355 1454 3409 ΒΘ
1473 3356 1600 3427 rapt-ibus
1618 3357 1759 3428 virginum
1783 3363 1812 3413 et
1830 3358 1986 3416 viduarum.
2030 3363 2088 3421 Otr.

1449 3441 1511 3498 (Ioci.
1534 3443 1630 3497 Ibcod.
1644 3443 1699 3512 IX,
1713 3446 1754 3512 24,
1773 3446 1847 3501 mim.

481 3530 556 3585 iuu.
583 3531 623 3586 ue
642 3531 754 3586 eximi.
1255 3512 1258 3533 ¹
1285 3557 1317 3566 —

485 3617 558 3673 XIV.
587 3617 626 3672 De
645 3615 872 3672 successionibus.
1355 3611 1388 3666 X.
1415 3614 1455 3668 De
1474 3614 1693 3670 successionibus
1712 3616 1833 3674 diversis.

500 3704 557 3759 XV.
585 3704 625 3758 De
644 3703 830 3760 commotione
849 3701 950 3758 litium.
1343 3700 1388 3754 XI.
1417 3701 1457 3755 ΒΘ
1476 3701 1660 3757 commotione
1679 3702 1778 3759 litium.

486 3790 560 3844 XVI.
588 3791 629 3845 ΒΘ
646 3789 820 3858 inquirendis
838 3789 1014 3844 animalibus.
1257 3770 1259 3830 l
1329 3787 1388 3840 XII.
1417 3787 1457 3842 Dc
1475 3787 1649 3856 inquirendis
1667 3790 1835 3846 animalibus
1855 3796 1884 3847 et
1902 3794 1994 3850 rebus.

470 3876 557 3930 xvir.
585 3876 625 3930 ue
641 3875 731 3930 auiis
745 3874 808 3930 aiiii
822 3878 851 3930 ei
861 3875 1062 3930 ariminium
1071 3875 1231 3930 remotione.
1257 3831 1260 3925 l
1285 3905 1318 3913 -

459 3963 561 4017 XVIII.
590 3962 630 4017 ΒΘ
648 3961 700 4028 his,
719 3979 791 4031 quae
810 3979 875 4016 casu
895 3962 1072 4032 contigerint.
1100 3961 1155 4028 Otr.
1174 3961 1231 4015 Lib.
1315 3958 1389 4015 XIII.
1417 3961 1456 4014 ΒΘ
1475 3960 1583 4016 damnis
1601 3962 1772 4030 animalium,
1792 3967 1837 4020 vel
1855 3966 1879 4020 si
1897 3969 1966 4036 quid
1984 3987 2037 4039 per
2057 3989 2092 4024 ea

620 4054 703 4102 coint.
722 4049 762 4102 tit.
780 4051 824 4115 23,
843 4049 915 4102 raba
1257 4092 1260 4123 ,
1450 4065 1515 4102 casu
1533 4049 1666 4104 evenerIt.

488 4135 561 4190 XIX.
589 4136 629 4190 ΒΘ
647 4135 751 4190 ablatis
768 4134 933 4205 pigneribus
952 4139 981 4190 et
999 4135 1215 4190 fideiussoribus.
1257 4126 1260 4213 ξ
1314 4132 1385 4186 XIV.
1414 4133 1453 4188 ΒΘ
1472 4134 1575 4189 ablatis
1593 4135 1756 4206 pigneribus
1776 4141 1804 4192 et
1822 4138 2043 4197 fideiussoribus.

501 4222 560 4276 XX.
589 4223 629 4276 ΒΘ
648 4220 830 4292 fugitivorum
849 4221 939 4277 furtis.
1257 4223 1260 4307 t
1330 4219 1388 4273 XV.
1416 4221 1455 4274 De
1474 4221 1655 4291 fugitivorum
1673 4224 1763 4280 furtis.

485 4307 559 4363 XXI.
588 4308 628 4362 De
646 4325 786 4363 serrorum
806 4308 1005 4364 contractibus.
1257 4316 1260 4389 y
1287 4305 1343 4372 Otr.
1363 4306 1397 4361 L.
1418 4307 1494 4362 Rom.
1513 4308 1552 4364 tit.
1572 4310 1612 4377 14,
1624 4309 1699 4366 t—i.

472 4395 559 4449 XXII.
588 4395 628 4449 De
645 4393 818 4450 removendis
831 4395 861 4449 in
873 4396 988 4466 negotio
1002 4397 1126 4452 Romano
1140 4399 1233 4467 patro·
1257 4392 1260 4425 l
1287 4391 1343 4459 Otr.
1364 4393 1440 4449 Rom.
1458 4393 1496 4448 tit.
1516 4396 1558 4449 43.

624 4481 705 4536 ciniis
723 4480 913 4537 barbarorum.

460 4565 562 4619 XXIII.
589 4566 629 4621 De
662 4567 784 4634 damnis,
819 4587 891 4638 quae
921 4569 957 4623 ab
990 4569 1159 4624 animalibus
1190 4569 1232 4623 in·
1287 4563 1343 4629 Otr·
1363 4564 1398 4620 L.
1418 4567 1494 4621 Rom.
1514 4568 1553 4621 tit.
1573 4570 1614 4636 13,
1633 4570 1707 4624 rabi.

622 4652 757 4709 feruntur.

461 4737 562 4794 XXIV.
590 4739 630 4794 De
658 4740 820 4795 mulieribus
843 4741 1012 4811 Burgundiis
1036 4743 1072 4796 ad
1098 4743 1233 4797 secundas
1316 4738 1389 4794 XVI.
1418 4741 1456 4796 ΒΘ
1484 4741 1646 4797 mulieribus
1674 4744 1710 4796 ad
1740 4743 1875 4798 secundas
1904 4748 1957 4798 aut
1989 4748 2092 4801 tertius

623 4829 673 4880 aut
692 4826 790 4882 tertias
809 4827 924 4897 nuptias
943 4829 1160 4886 transcuntibus.
1450 4829 1565 4898 nuptias
1583 4829 1801 4885 transeuntibus.

477 4910 563 4964 XXV.
591 4912 630 4966 De
649 4911 730 4966 furtis
749 4916 779 4968 et
796 4912 946 4969 violentiis.
1288 4911 1344 4978 Ot'r.
1364 4912 1397 4968 L.
1418 4913 1494 4968 Itum.
1514 4915 1553 4971 tit.
1572 4917 1597 4984 8,
1615 4916 1689 4970 ratu.

460 4996 560 5051 XXVI.
588 4998 628 5052 De
647 4997 767 5052 excussis
785 4998 924 5056 dentibus.
1288 4997 1342 5064 Otr.
1362 4999 1396 5056 L.
1416 5000 1490 5054 Rosa
1510 5002 1548 5056 tit.
1568 5004 1591 5055 5.

447 5083 560 5136 XXVII.
588 5083 628 5137 ΒΘ
648 5082 768 5154 inruptis
781 5086 894 5157 sepibus
913 5092 941 5144 et
960 5089 1060 5144 clausis
1078 5088 1233 5154 itineribus,
1303 5084 1390 5140 XVII.
1418 5087 1458 5141 ΒΘ
1471 5087 1573 5142 clausis
1590 5087 1738 5143 itineribus
1749 5088 1794 5143 vel
1812 5087 1875 5141 aliis
1893 5088 2093 5145 servitutibus.

623 5168 706 5224 furtis
725 5170 811 5226 etiam
830 5177 859 5229 et
878 5175 1026 5230 violentiis.
1451 5172 1506 5240 Csr.
1520 5174 1604 5227 Ponti
1622 5173 1692 5230 Sao.
1711 5190 1760 5229 ree.
1779 5175 1804 5243 I,
1821 5175 1860 5240 17,
1879 5175 1952 5229 νηὸν.

436 5255 564 5309 XXVIII.
593 5256 632 5310 ΒΘ
668 5256 778 5312 indulta
814 5260 983 5330 generaliter
1024 5260 1235 5317 incidendorum
1288 5257 1345 5324 Osi.
1364 5258 1398 5314 L.
1418 5259 1494 5314 Itoin.
1514 5260 1551 5314 tit.
1573 5261 1612 5327 18,
1625 5262 1649 5314 5.

623 5342 763 5413 lignorum
782 5345 905 5402 licentia.
1260 5350 1263 5471 h

463 5429 563 5485 XXIX.
593 5429 632 5484 ΒΘ
650 5431 896 5500 superventoribus
914 5438 943 5489 et
961 5434 1160 5491 eil'rectoribns.
1261 5476 1263 5493 .
1287 5431 1390 5487 XVIII.
1418 5432 1458 5487 De
1476 5433 1722 5504 superventoribus
1740 5435 1769 5486 et
1787 5431 1990 5486 effractoribus.

478 5517 564 5572 XXX.
593 5517 633 5571 De
652 5517 789 5587 corruptis
807 5520 978 5576 mulieribus.
1261 5513 1263 5520 ’
1313 5519 1388 5574 XIX.
1416 5520 1455 5573 De
1474 5519 1611 5590 corruptis
1630 5518 1799 5575 mulieribus.

462 5603 563 5658 XXXI.
591 5605 630 5658 Ile
649 5603 812 5672 plantandis
830 5606 926 5662 vineis.

448 5690 561 5744 XXXII.
591 5691 631 5744 ΒΘ
658 5708 704 5758 Θο,
732 5692 781 5760 qui
805 5693 946 5748 hominem
968 5693 1076 5749 inlicite
1103 5699 1153 5750 eut
1176 5696 1236 5750 sine
1333 5692 1392 5748 XX.
1421 5693 1460 5748 ΒΘ
1487 5693 1543 5758 bis,
1572 5693 1619 5763 qui
1648 5691 1787 5747 hominem
1814 5689 1922 5744 inlicite
1949 5696 2002 5746 aut
2030 5693 2094 5749 sine

625 5794 709 5832 causa
728 5778 866 5848 ligaverit.
1453 5798 1536 5835 causa
1555 5778 1735 5850 ligaveriinlt

437 5861 565 5917 XXXIII.
591 5862 630 5916 De
660 5863 786 5930 iniuriis,
823 5883 895 5935 quae
931 5865 1093 5922 mulieribus
1128 5867 1235 5922 inlatae
1291 5865 1345 5932 Osi.
1364 5866 1397 5920 L.
1418 5866 1494 5921 Roin.
1513 5868 1553 5921 tit.
1573 5868 1613 5920 19.

625 5949 737 6006 fuerint.
