4492 6638
430 575 467 636 14
889 567 1002 625 Lanos
1023 566 1331 624 BURGUNDIONUM.
1351 595 1383 604 —
1403 563 1619 619 PRAEFATIO.

536 744 589 808 Ea·
618 743 798 824 Papiniani
831 742 909 808 libro
940 763 1159 824 riiniousoinm
1190 742 1381 821 exscriptum
1420 759 1484 802 non
1515 739 1616 819 fuisse
1646 738 1747 802 locum
1777 739 1973 820 principalis
2006 740 2082 823 lepis

428 847 592 912 Ronmnm
621 846 892 928 Burpundioniim
922 852 951 910 ct
977 847 1074 910 indere
1099 851 1129 910 ct
1155 846 1302 910 rubricae
1328 843 1494 907 titulorum
1520 843 1661 906 codiciim
1683 843 1912 920 denionstrant,
1939 844 2082 925 idemque

426 951 567 1032 efficitur
592 973 631 1014 ce
661 949 722 1030 lepe
745 950 892 1014 Ronimm
920 972 991 1014 cum
1018 950 1095 1014 libro
1118 949 1377 1014 constitutionum
1399 951 1591 1027 commorata.
1630 945 1732 1009 Falsa
1754 947 1855 1027 ipitui·
1876 946 1951 1028 lepis
1972 947 2080 1028 appel-

426 1055 503 1118 latio
524 1074 588 1117 non
610 1055 658 1116 ita
681 1054 827 1116 resistcre
843 1055 964 1133 potuit,
994 1059 1030 1118 ut
1055 1053 1136 1133 forte
1157 1052 1323 1132 inscriptio
1339 1051 1442 1130 minii
1465 1049 1552 1113 titidi
1574 1049 1649 1129 lepis
1671 1049 1837 1129 inscriptio
1858 1051 1956 1114 totius
1978 1051 2081 1131 operis

425 1157 514 1237 sacta
535 1158 587 1232 sit,
610 1157 664 1220 secl
683 1179 753 1220 cam
772 1163 913 1221 coortam
928 1179 991 1220 csse
1006 1157 1175 1220 coniuncta
1194 1156 1229 1218 in
1245 1155 1402 1218 codicibus
1416 1153 1478 1233 lepc
1489 1153 1637 1217 Romana
1648 1153 1919 1235 Burpuudiomrni
1934 1175 2005 1218 iiiiii
2020 1153 2082 1236 leae
2111 1181 2123 1216 ,i

427 1261 575 1326 Romana
594 1261 826 1342 Visiootliorum
842 1261 1047 1325 statuendum
1062 1266 1115 1324 cst.
1158 1259 1238 1324 Cum
1253 1264 1359 1322 autem
1374 1279 1425 1322 rcs
1439 1257 1487 1321 ita
1505 1278 1538 1320 sc
1553 1257 1674 1332 babeat,
1697 1256 1866 1320 admodum
1874 1255 2082 1336 probabiliter

426 1366 599 1430 conicimus
620 1385 808 1442 coriueicum,
841 1367 898 1445 qui
919 1366 1002 1428 intci·
1024 1363 1116 1446 leporii
1142 1363 1320 1427 Itiuimnam
1341 1360 1612 1442 Burpundionum
1634 1365 1663 1422 ct
1685 1359 1800 1424 libriim
1822 1360 2081 1424 constitutionum

425 1473 518 1544 esset,
553 1467 722 1549 ueplectiim
755 1489 828 1532 esse.
872 1468 1075 1532 Francorum
1108 1473 1213 1531 tomen
1248 1467 1437 1546 tenporibus
1467 1466 1533 1528 iarn
1560 1464 1658 1544 plane
1692 1465 1833 1546 ipnotum
1865 1463 1966 1545 sciisse
1998 1464 2081 1530 lianc

426 1570 519 1652 leporii
540 1572 698 1652 imprimis
719 1571 764 1634 ait
786 1571 1033 1652 Burpiindioncs
1048 1571 1223 1651 pertinere,
1255 1569 1290 1632 id
1311 1591 1349 1632 ca
1371 1589 1421 1645 ea,
1453 1569 1537 1648 quod
1558 1567 1644 1631 nullo
1677 1569 1711 1631 in
1733 1568 1835 1632 codice
1857 1573 1921 1632 tota
1945 1568 1994 1633 len
2017 1569 2080 1634 Ro

426 1695 523 1738 mana
546 1674 716 1738 coniuncta
738 1696 809 1738 cnm
831 1673 908 1737 libro
930 1673 1192 1738 constitutionum
1214 1673 1336 1736 tradita
1358 1676 1412 1749 est,
1435 1673 1515 1734 sotis
1537 1679 1619 1736 certo
1641 1672 1813 1752 adlirnuiin
1835 1671 1915 1736 licet.
1949 1673 2080 1738 Saeculo
2101 1697 2126 1736 io

425 1778 537 1842 ilcinde
556 1777 650 1842 XVI.
675 1799 819 1842 connexu
840 1778 924 1842 inter
947 1777 1039 1859 lencm
1055 1777 1234 1842 Rornanani
1257 1777 1432 1856 librumque
1454 1777 1713 1840 constitutionum
1735 1797 1756 1840 a
1775 1777 1906 1843 Oiiiacio
1931 1777 2080 1842 intellecto

421 1902 481 1962 pei·
507 1881 623 1945 multas
648 1882 744 1944 ctiiim
770 1901 871 1946 annos
893 1881 948 1945 lioc
971 1901 1049 1961 ipris
1071 1901 1093 1944 a
1115 1882 1194 1945 airis
1215 1881 1314 1945 doctis
1335 1880 1604 1944 horontianum
1627 1880 1710 1942 iuris
1731 1881 1879 1958 consulto,
1902 1903 1992 1962 quem
2017 1881 2079 1945 Pa-

422 1986 560 2068 pianum
581 1984 791 2065 appellabant,
812 1985 1057 2049 adscribebatur.
1100 1983 1165 2065 Otr.
1189 2007 1215 2048 o.
1232 1983 1378 2066 Saomnp,
1402 1983 1422 2046 l.
1438 2007 1463 2047 c.
1479 1983 1549 2060 11²,
1564 2005 1599 2066 p.
1615 1985 1666 2047 23.
1683 1986 1733 2047 26.

913 2355 964 2426 ir.
1006 2353 1081 2426 oio
1105 2354 1374 2428 oooicicos
1399 2311 1598 2426 caeam

428 2523 447 2602 ξ
471 2524 500 2586 i.
536 2519 591 2584 Dc
613 2519 815 2584 codicibus
837 2517 935 2583 libri
957 2522 1287 2586 constitutionum
1314 2527 1350 2585 et
1373 2483 1702 2585 constitutionum
1724 2525 2123 2602 cnti·ooopantium.1i

535 2658 673 2724 Blnlime
695 2659 732 2722 iii
753 2658 888 2722 editione
909 2679 970 2721 sico
989 2657 1063 2722 libri
1079 2660 1339 2724 constitutionum
1353 2664 1383 2722 et
1398 2659 1657 2723 constitutionum
1672 2660 1947 2740 catraoapoutium
1961 2663 2081 2727 codices

429 2763 563 2844 scriptos
588 2763 624 2826 iri
646 2768 710 2826 tres
731 2761 846 2825 classes
867 2761 992 2825 divisit:

535 2865 676 2931 ‘Codices
701 2866 825 2944 primae
851 2863 962 2929 classis
987 2866 1051 2928 sive
1073 2865 1250 2947 intcpiiluti
1265 2866 1422 2946 proximi'
1445 2863 1657 2946 appellantur,
1680 2867 1738 2946 qui
1759 2872 1788 2930 ct
1810 2868 1845 2930 iu
1868 2869 1972 2933 indice
1993 2876 2022 2934 ct
2044 2871 2081 2934 in

426 2975 572 3034 contentu
609 2969 683 3033 libri
723 2969 982 3033 corstitutionum
1016 2969 1135 3034 ‘titulos
1168 2974 1292 3034 contum
1328 2975 1357 3034 ct
1390 2971 1530 3050 quinque
1566 2971 1756 3033 numeratos'
1791 2973 1967 3049 continent;
2004 2979 2081 3038 sunt

425 3074 566 3154 quinque
587 3073 715 3151 codices,
737 3093 816 3154 quos
837 3071 1102 3152 appellationibus
1123 3072 1157 3136 B
1169 3075 1198 3136 6.
1212 3076 1239 3137 i.
1255 3075 1284 3138 8.
1298 3076 1327 3136 9.
1345 3077 1381 3136 10
1404 3077 1560 3137 notamus.
2097 3109 2123 3148 n

535 3174 676 3241 ‘Codices
697 3175 853 3240 secundae
874 3175 986 3240 classis
1007 3178 1071 3240 sioe
1093 3177 1264 3240 deciirtati’
1279 3176 1487 3240 nominantur
1503 3180 1566 3239 tres
1584 3176 1711 3253 codices,
1734 3198 1812 3258 quos
1833 3179 1917 3242 notis
1935 3179 1967 3243 B
1978 3186 2003 3245 1.
2017 3184 2079 3245 24

427 3281 640 3362 ilcsiynamus,
676 3280 721 3344 ‘in
750 3281 864 3361 quiliiis
894 3280 931 3343 de
957 3281 1094 3360 pennino
1120 3278 1392 3362 Burpuudionnm
1421 3281 1492 3343 iuro
1521 3279 1604 3342 niliil
1632 3281 1757 3345 omnino
1784 3282 1937 3360 additui·';
1969 3285 2080 3349 deiude

425 3387 580 3464 quattuor
610 3382 743 3458 codices,
778 3385 902 3446 nostros
925 3381 956 3444 A
972 3384 997 3442 1.
1016 3383 1045 3445 2.
1063 3382 1092 3444 3.
1110 3384 1144 3456 i,
1179 3380 1360 3444 dinumerat
1393 3380 1522 3444 ‘codices
1552 3384 1663 3447 tertiae
1694 3383 1805 3448 classis
1835 3386 1899 3450 sioe
1930 3387 2081 3453 miscellos

426 3485 473 3549 ocl
494 3486 696 3567 infoitiotos',
719 3506 791 3548 cum
807 3485 931 3566 partim
953 3503 992 3546 ecc
1014 3482 1081 3561 ipso
1104 3482 1364 3546 corstitutionum
1386 3481 1473 3560 libro,
1491 3485 1613 3562 partim
1637 3507 1675 3550 cn
1696 3488 1930 3567 antiquioribus
1947 3491 2079 3556 Gundo-

426 3592 500 3656 badi
533 3589 816 3670 recentioribusque
846 3587 1044 3669 Sipinnnmi
1069 3583 1289 3669 Oblatariiquc
1319 3588 1442 3665 edictis,
1470 3589 1595 3668 partim
1624 3591 1719 3654 ctiam
1748 3611 1787 3655 mc
1810 3591 1956 3673 Papi'cino
1984 3599 2079 3676 alque
2097 3620 2122 3660 ii

433 3695 665 3786 Visipotliorum
688 3692 836 3757 Romana
865 3691 1121 3772 iurispiudcntia
1150 3692 1275 3756 variam
1303 3693 1517 3773 incertamque
1546 3693 1630 3757 iuris
1650 3695 1847 3776 samaqinem
1877 3698 1940 3777 ipsi
1968 3698 2078 3762 decur-

427 3805 512 3864 tatae
542 3797 713 3863 collectioni
741 3796 938 3861 adiecissent.
987 3795 1186 3877 Qimniquam
1217 3797 1300 3877 quod
1332 3798 1376 3861 od
1405 3797 1549 3879 sinpiilas
1578 3819 1629 3861 ros
1657 3800 1771 3863 attinet
1797 3801 1964 3880 aptissima
1990 3803 2080 3883 apud
2191 3809 2193 3814 “

427 3903 565 3968 Blulime
592 3901 828 3982 rectissimeque
853 3899 947 3964 uerba
970 3899 1007 3963 de
1029 3899 1188 3963 codicibus
1210 3900 1376 3977 dicuntur,
1407 3902 1564 3984 imprimis
1587 3903 1625 3966 dc
1646 3923 1753 3966 eorum
1774 3907 1964 3969 auctoritate
1986 3912 2080 3988 atque

427 4005 464 4070 de
491 4006 629 4082 ratione,
657 4025 738 4086 quae
759 4005 843 4068 iuter·
864 4001 1005 4084 sinpulos
1026 4002 1207 4080 intercedit,
1241 4009 1347 4068 tamen
1367 4025 1464 4085 quam
1486 4005 1682 4070 reddidimus
1701 4007 1815 4071 divisio
1837 4030 1875 4072 ac
1898 4010 2079 4076 distributio

428 4110 462 4172 iii
483 4109 667 4172 universum
687 4107 774 4188 falsa
796 4112 850 4171 est.
889 4106 1018 4170 Nititur
1039 4107 1074 4169 in
1095 4105 1182 4187 falsa
1204 4108 1350 4187 opinione
1372 4107 1488 4172 librum
1510 4111 1778 4189 constitutionum,
1804 4117 1854 4176 ret
1869 4118 2019 4192 actatum,
2043 4122 2080 4179 ut
2098 4139 2124 4178 io

426 4210 564 4276 Blnlime
580 4215 688 4292 putat,
711 4211 826 4274 iterum
845 4208 892 4275 oel
912 4210 1048 4287 tertium,
1072 4231 1110 4274 ea
1129 4213 1190 4275 ios
1205 4209 1309 4274 titulis
1323 4212 1500 4275 numeratis
1515 4214 1717 4293 compositum
1732 4235 1812 4292 esse,·
1833 4216 1928 4280 editio
1944 4217 2044 4299 ipitur
2057 4238 2080 4282 a

424 4313 563 4379 Bliilirne
584 4319 698 4379 curata
722 4334 772 4379 cos
794 4315 913 4380 codices
932 4334 1074 4377 summae
1089 4314 1291 4378 auctoritatis
1305 4314 1394 4395 facit,
1413 4316 1470 4396 qui
1487 4336 1527 4380 cn
1542 4321 1600 4381 105
1617 4319 1793 4381 numeratis
1807 4318 1911 4384 titulis
1926 4323 2079 4388 constant.

534 4417 711 4483 Rcicicntes
723 4418 978 4483 distributimiem
999 4437 1021 4480 a
1035 4416 1173 4482 Blulime
1187 4418 1368 4482 institutam
1390 4420 1426 4482 in
1440 4419 1644 4500 disponendis
1658 4421 1816 4486 codicibus
1831 4444 1867 4486 ea
1886 4445 1919 4487 rc
1934 4425 2078 4503 nitimur,

426 4521 510 4602 quod
531 4521 576 4585 ad
596 4527 774 4586 contentum
797 4520 870 4586 libri
891 4521 1166 4598 constitutionum,
1194 4520 1301 4602 qualis
1328 4522 1363 4585 iii
1385 4542 1478 4604 repno
1500 4522 1710 4605 Burpuudico
1731 4527 1936 4607 tranantibus
1957 4529 2080 4611 repibns

426 4623 649 4708 Burqnndicis
663 4625 923 4702 conscribebatur,
941 4624 965 4688 ii
979 4625 1099 4690 codices
1109 4625 1254 4706 promme
1269 4625 1422 4689 accedunt
1436 4627 1493 4707 qui
1508 4648 1547 4690 cn
1559 4629 1599 4690 88
1615 4629 1792 4692 numeratis
1806 4630 1910 4694 titidis
1923 4637 2076 4697 constant.
2097 4659 2121 4698 ii

536 4728 666 4793 Primae
687 4729 788 4811 ipitur
809 4727 914 4805 classi,
937 4726 1045 4793 littera
1056 4729 1089 4792 A
1104 4733 1242 4806 nomme,
1265 4750 1316 4794 eos
1338 4731 1457 4794 codices
1471 4731 1690 4808 adscribimus,
1713 4733 1770 4812 qui
1785 4739 1843 4797 ant
1858 4734 1941 4798 nibil
1954 4736 2021 4800 nisi
2036 4739 2077 4802 88

425 4831 535 4897 titulos
562 4831 636 4898 libri
665 4834 925 4899 constitutionum
952 4838 1012 4898 aut
1035 4839 1167 4914 praeter
1193 4835 1250 4899 lios
1279 4835 1517 4899 constitutiones
1545 4840 1785 4918 cntraoapantes
1812 4837 1982 4919 titulosque
2004 4838 2079 4921 lepis

426 4933 591 5000 Ronmnoc
624 4936 752 5016 babent,
787 4937 847 5001 bas
878 4939 1117 5002 constitutiones
1149 4936 1319 5018 titulosque
1352 4943 1458 5002 tamon
1487 4959 1552 5003 nori
1582 4940 1733 5003 continua
1761 4942 1979 5006 numeratione
2007 4962 2079 5007 cuin

424 5032 526 5103 verbis
554 5039 658 5120 ipsius
686 5039 760 5105 libri
788 5040 1049 5105 constitutionum
1080 5042 1313 5124 coniunpentes,
1347 5041 1473 5105 etiamsi
1502 5041 1558 5106 lioc
1589 5043 1655 5107 iani
1683 5043 1805 5124 facturn
1838 5045 1880 5106 sit
1911 5047 1947 5110 in
1975 5047 2079 5111 indice

424 5226 589 5296 ilcsipialani
614 5241 666 5282 cose
689 5232 801 5295 putant
846 5227 896 5282 Sed
921 5228 970 5283 lioc
995 5228 1187 5283 abstinendum
1212 5233 1261 5296 cst,
1291 5245 1347 5283 non
1374 5231 1458 5284 solum
1484 5231 1628 5284 mmmdcc
1653 5231 1750 5286 codices
1776 5232 1851 5286 nobis
1878 5231 1990 5286 traditos
2016 5232 2078 5302 lepis
2094 5255 2121 5293 ω

426 5332 500 5387 Rom
523 5332 715 5400 Vm'qoiiianm
742 5333 851 5401 ciuiqiu
876 5333 1001 5401 epitomas
1027 5334 1057 5386 iu
1078 5333 1133 5400 tini
1154 5349 1214 5387 cum
1238 5335 1323 5388 locuni
1339 5334 1489 5402 Papiniani
1511 5335 1572 5388 libri
1594 5351 1781 5403 responsomn
1804 5337 1906 5403 baberi,
1932 5337 1983 5406 Iope
2003 5335 2077 5390 Rom.

424 5435 657 5504 Burpuudi'onum
683 5452 741 5490 non
767 5436 930 5504 insequenti,
958 5435 1002 5489 sut
1023 5437 1117 5504 itiam,
1145 5437 1222 5489 illu-m
1245 5435 1406 5490 bibliothecae
1423 5435 1604 5507 &nantensis
1627 5439 1776 5506 catalopum
1794 5439 1849 5493 IX.
1872 5439 1974 5493 saecuti
1996 5439 2078 5492 initiis

425 5541 475 5593 ni
492 5539 621 5606 Papinii
638 5529 766 5607 runnu
789 5540 851 5608 iens
870 5539 947 5596 aim.
967 5540 1158 5608 isunnam
1177 5522 1316 5607 (epium-i
1334 5539 1451 5610 inni)
1472 5540 1598 5609 nimii,
1621 5542 1704 5609 piam
1730 5559 1786 5596 iii
1810 5543 1889 5612 inim
1909 5543 1984 5598 nou.
2004 5544 2077 5597 cu-

420 5642 606 5709 piindionuni3
631 5647 715 5696 instat
738 5643 808 5696 inim
828 5643 908 5697 etiam
931 5659 1005 5696 nnuc
1026 5639 1105 5696 eaden
1127 5642 1327 5710 munina-ipius
1351 5641 1388 5696 ad
1410 5660 1488 5711 quim
1510 5645 1593 5712 lecim,
1621 5661 1696 5713 quem
1714 5646 1865 5714 attulimus,
1889 5652 2004 5714 specim,-
2030 5646 2078 5716 aiii

423 5745 502 5800 oiim
525 5747 600 5815 lopun
620 5747 695 5802 Rom.
715 5745 861 5814 Bmpnud.
886 5761 941 5800 non
966 5747 1097 5812 continet·
1122 5747 1173 5812 cfr.
1194 5745 1227 5800 G.
1245 5746 1353 5814 Biclier,
1374 5745 1492 5816 Gabalopi
1514 5748 1723 5802 bibliothecarum
1747 5750 1854 5816 anti'pii'
1870 5751 1972 5818 (1885),
1990 5767 2018 5818 p.
2032 5751 2074 5817 50,
2093 5769 2118 5808 ii

423 5866 451 5902 ii.
463 5850 529 5914 30&
549 5849 581 5904 G.
600 5850 730 5914 Sclieincr,
749 5848 962 5918 Handsclirifleri
979 5853 1025 5907 der
1042 5851 1257 5918 Stistsbibliotlieb
1275 5869 1326 5906 ron
1346 5853 1385 5908 St.
1401 5853 1496 5908 Gallia
1513 5855 1613 5922 (1875),
1629 5871 1656 5922 p.
1669 5856 1729 5923 235,
1747 5873 1775 5909 n,
1789 5857 1845 5910 iiii.
