<?xml version="1.0" encoding="UTF-8"?>
<!DOCTYPE html PUBLIC "-//W3C//DTD XHTML 1.0 Transitional//EN"
    "http://www.w3.org/TR/xhtml1/DTD/xhtml1-transitional.dtd">
<html xmlns="http://www.w3.org/1999/xhtml" xml:lang="en" lang="en">
 <head>
  <title>
</title>
<meta http-equiv="Content-Type" content="text/html;charset=utf-8" />
  <meta name='ocr-system' content='tesseract 3.04.00' />
  <meta name='ocr-capabilities' content='ocr_page ocr_carea ocr_par ocr_line ocrx_word'/>
</head>
<body>
  <div class='ocr_page' id='page_1' title='image "./monumentagerman02mittgoog_0172.png"; bbox 0 0 4418 6652; ppageno 0'>
   <div class='ocr_carea' id='block_1_1' title="bbox 437 640 1596 710">
    <p class='ocr_par' dir='ltr' id='par_1_1' title="bbox 437 640 1596 710">
     <span class='ocr_line' id='line_1_1' title="bbox 437 640 1596 710; baseline -0.012 -3"><span class='ocrx_word' id='word_1_1' title='bbox 437 649 495 710; x_wconf 80' lang='lat'>166</span> <span class='ocrx_word' id='word_1_2' title='bbox 533 653 548 676; x_wconf 66' lang='lat'>³</span> <span class='ocrx_word' id='word_1_3' title='bbox 906 642 1021 698; x_wconf 76' lang='lat' dir='ltr'>LEGLS</span> <span class='ocrx_word' id='word_1_4' title='bbox 1040 642 1346 700; x_wconf 80' lang='lat' dir='ltr'>BURGUNDIONUM.</span> <span class='ocrx_word' id='word_1_5' title='bbox 1366 671 1397 680; x_wconf 88' lang='lat'><em>-</em></span> <span class='ocrx_word' id='word_1_6' title='bbox 1417 640 1596 696; x_wconf 78' lang='lat' dir='ltr'>TABULXL.</span> 
     </span>
    </p>
   </div>
   <div class='ocr_carea' id='block_1_2' title="bbox 423 816 2091 5992">
    <p class='ocr_par' dir='ltr' id='par_1_2' title="bbox 423 816 2091 5992">
     <span class='ocr_line' id='line_1_2' title="bbox 511 816 1319 886; baseline 0 -16"><span class='ocrx_word' id='word_1_7' title='bbox 511 817 608 871; x_wconf 84' lang='lat' dir='ltr'>LXIII.</span> <span class='ocrx_word' id='word_1_8' title='bbox 635 817 676 872; x_wconf 88' lang='lat' dir='ltr'>De</span> <span class='ocrx_word' id='word_1_9' title='bbox 684 816 736 882; x_wconf 85' lang='lat' dir='ltr'>his,</span> <span class='ocrx_word' id='word_1_10' title='bbox 749 816 798 886; x_wconf 91' lang='lat' dir='ltr'>qui</span> <span class='ocrx_word' id='word_1_11' title='bbox 809 833 924 872; x_wconf 86' lang='lat' dir='ltr'>messem</span> <span class='ocrx_word' id='word_1_12' title='bbox 934 817 963 871; x_wconf 92' lang='lat' dir='ltr'>in</span> <span class='ocrx_word' id='word_1_13' title='bbox 973 816 1086 886; x_wconf 84' lang='lat' dir='ltr'>gremiis</span> <span class='ocrx_word' id='word_1_14' title='bbox 1095 817 1230 871; x_wconf 82' lang='lat' dir='ltr'>furantur.</span> <span class='ocrx_word' id='word_1_15' title='bbox 1287 845 1319 853; x_wconf 95' lang='lat'><em>-</em></span> 
     </span>
     <span class='ocr_line' id='line_1_3' title="bbox 510 902 1320 958; baseline 0.001 -1"><span class='ocrx_word' id='word_1_16' title='bbox 510 903 607 958; x_wconf 82' lang='lat' dir='ltr'>LXIV.</span> <span class='ocrx_word' id='word_1_17' title='bbox 635 903 675 958; x_wconf 92' lang='lat' dir='ltr'>De</span> <span class='ocrx_word' id='word_1_18' title='bbox 692 903 861 958; x_wconf 77' lang='lat' dir='ltr'><strong>animalibus</strong></span> <span class='ocrx_word' id='word_1_19' title='bbox 878 902 909 957; x_wconf 92' lang='lat' dir='ltr'>in</span> <span class='ocrx_word' id='word_1_20' title='bbox 926 920 1042 958; x_wconf 87' lang='lat' dir='ltr'>messem</span> <span class='ocrx_word' id='word_1_21' title='bbox 1060 903 1166 958; x_wconf 83' lang='lat' dir='ltr'>occisis.</span> <span class='ocrx_word' id='word_1_22' title='bbox 1286 933 1320 940; x_wconf 95' lang='lat'>—</span> 
     </span>
     <span class='ocr_line' id='line_1_4' title="bbox 525 988 1318 1059; baseline -0.001 -15"><span class='ocrx_word' id='word_1_23' title='bbox 525 989 608 1045; x_wconf 91' lang='lat' dir='ltr'>LXV.</span> <span class='ocrx_word' id='word_1_24' title='bbox 635 991 675 1045; x_wconf 91' lang='lat' dir='ltr'>Dc</span> <span class='ocrx_word' id='word_1_25' title='bbox 699 989 862 1045; x_wconf 88' lang='lat' dir='ltr'>mulieribus</span> <span class='ocrx_word' id='word_1_26' title='bbox 886 989 991 1055; x_wconf 87' lang='lat' dir='ltr'>viduis,</span> <span class='ocrx_word' id='word_1_27' title='bbox 1021 989 1123 1059; x_wconf 88' lang='lat' dir='ltr'>quibus</span> <span class='ocrx_word' id='word_1_28' title='bbox 1148 988 1230 1043; x_wconf 84' lang='lat' dir='ltr'>mari·</span> <span class='ocrx_word' id='word_1_29' title='bbox 1287 1015 1318 1026; x_wconf 85' lang='lat'>·-</span> 
     </span>
     <span class='ocr_line' id='line_1_5' title="bbox 671 1075 1232 1146; baseline -0.004 -14"><span class='ocrx_word' id='word_1_30' title='bbox 671 1080 763 1132; x_wconf 89' lang='lat' dir='ltr'>torum</span> <span class='ocrx_word' id='word_1_31' title='bbox 798 1077 895 1132; x_wconf 87' lang='lat' dir='ltr'>debita</span> <span class='ocrx_word' id='word_1_32' title='bbox 929 1075 1117 1146; x_wconf 88' lang='lat' dir='ltr'>requiruntur.</span> <span class='ocrx_word' id='word_1_33' title='bbox 1160 1075 1232 1143; x_wconf 87' lang='lat' dir='ltr'>(No-</span> 
     </span>
     <span class='ocr_line' id='line_1_6' title="bbox 671 1164 819 1233; baseline 0.007 -16"><span class='ocrx_word' id='word_1_34' title='bbox 671 1164 740 1218; x_wconf 77' lang='lat' dir='ltr'>sella</span> <span class='ocrx_word' id='word_1_35' title='bbox 757 1165 819 1233; x_wconf 77' lang='lat' dir='ltr'>lea.)</span> 
     </span>
     <span class='ocr_line' id='line_1_7' title="bbox 510 1247 1318 1321; baseline 0 -19"><span class='ocrx_word' id='word_1_36' title='bbox 510 1248 607 1304; x_wconf 89' lang='lat' dir='ltr'>LXVI.</span> <span class='ocrx_word' id='word_1_37' title='bbox 635 1250 676 1305; x_wconf 92' lang='lat' dir='ltr'>De</span> <span class='ocrx_word' id='word_1_38' title='bbox 705 1249 820 1321; x_wconf 76' lang='lat' dir='ltr'>puellis,</span> <span class='ocrx_word' id='word_1_39' title='bbox 851 1267 923 1319; x_wconf 89' lang='lat' dir='ltr'>quae</span> <span class='ocrx_word' id='word_1_40' title='bbox 953 1249 1013 1304; x_wconf 88' lang='lat' dir='ltr'>sine</span> <span class='ocrx_word' id='word_1_41' title='bbox 1044 1247 1172 1319; x_wconf 84' lang='lat' dir='ltr'>patribus</span> <span class='ocrx_word' id='word_1_42' title='bbox 1203 1251 1232 1303; x_wconf 92' lang='lat' dir='ltr'>et</span> <span class='ocrx_word' id='word_1_43' title='bbox 1287 1277 1318 1286; x_wconf 79' lang='lat'>—-</span> 
     </span>
     <span class='ocr_line' id='line_1_8' title="bbox 671 1334 1231 1392; baseline -0.005 -1"><span class='ocrx_word' id='word_1_44' title='bbox 671 1336 809 1392; x_wconf 87' lang='lat' dir='ltr'>matribus</span> <span class='ocrx_word' id='word_1_45' title='bbox 840 1336 875 1391; x_wconf 89' lang='lat' dir='ltr'>ad</span> <span class='ocrx_word' id='word_1_46' title='bbox 906 1334 1038 1390; x_wconf 84' lang='lat' dir='ltr'>maritum</span> <span class='ocrx_word' id='word_1_47' title='bbox 1074 1334 1231 1390; x_wconf 87' lang='lat' dir='ltr'>traduntur.</span> 
     </span>
     <span class='ocr_line' id='line_1_9' title="bbox 671 1421 1101 1491; baseline 0 -15"><span class='ocrx_word' id='word_1_48' title='bbox 671 1421 741 1491; x_wconf 76' lang='lat' dir='ltr'>(Ofr.</span> <span class='ocrx_word' id='word_1_49' title='bbox 760 1423 820 1476; x_wconf 80' lang='lat' dir='ltr'>Lib.</span> <span class='ocrx_word' id='word_1_50' title='bbox 839 1428 921 1478; x_wconf 77' lang='lat' dir='ltr'>cmsst.</span> <span class='ocrx_word' id='word_1_51' title='bbox 939 1423 980 1476; x_wconf 85' lang='lat' dir='ltr'>tit.</span> <span class='ocrx_word' id='word_1_52' title='bbox 995 1424 1037 1478; x_wconf 85' lang='grc'>69.</span> <span class='ocrx_word' id='word_1_53' title='bbox 1044 1423 1101 1490; x_wconf 85' lang='grc'><strong><em>86.)</em></strong></span> 
     </span>
     <span class='ocr_line' id='line_1_10' title="bbox 496 1508 1320 1566; baseline 0 -3"><span class='ocrx_word' id='word_1_54' title='bbox 496 1508 606 1566; x_wconf 85' lang='lat' dir='ltr'>LXVII.</span> <span class='ocrx_word' id='word_1_55' title='bbox 634 1511 674 1564; x_wconf 86' lang='lat' dir='ltr'>De</span> <span class='ocrx_word' id='word_1_56' title='bbox 692 1509 770 1564; x_wconf 89' lang='lat' dir='ltr'>silvis</span> <span class='ocrx_word' id='word_1_57' title='bbox 788 1510 840 1564; x_wconf 87' lang='lat' dir='ltr'>hoc</span> <span class='ocrx_word' id='word_1_58' title='bbox 860 1509 1063 1564; x_wconf 86' lang='lat' dir='ltr'>observandum</span> <span class='ocrx_word' id='word_1_59' title='bbox 1081 1511 1132 1563; x_wconf 90' lang='lat' dir='ltr'>est.</span> <span class='ocrx_word' id='word_1_60' title='bbox 1286 1537 1320 1544; x_wconf 96' lang='lat'><em>-</em></span> 
     </span>
     <span class='ocr_line' id='line_1_11' title="bbox 482 1591 1695 1662; baseline 0 -13"><span class='ocrx_word' id='word_1_61' title='bbox 482 1595 606 1652; x_wconf 88' lang='lat' dir='ltr'>LXVIII.</span> <span class='ocrx_word' id='word_1_62' title='bbox 633 1596 674 1651; x_wconf 89' lang='lat' dir='ltr'>De</span> <span class='ocrx_word' id='word_1_63' title='bbox 692 1595 844 1651; x_wconf 72' lang='lat' dir='ltr'>adulteriis.</span> <span class='ocrx_word' id='word_1_64' title='bbox 1287 1592 1341 1660; x_wconf 65' lang='grc' dir='ltr'>ΟΒ.</span> <span class='ocrx_word' id='word_1_65' title='bbox 1360 1592 1394 1646; x_wconf 98' lang='lat' dir='ltr'>L.</span> <span class='ocrx_word' id='word_1_66' title='bbox 1415 1591 1489 1647; x_wconf 86' lang='lat' dir='ltr'>Rom.</span> <span class='ocrx_word' id='word_1_67' title='bbox 1508 1594 1549 1648; x_wconf 83' lang='lat' dir='ltr'>tit.</span> <span class='ocrx_word' id='word_1_68' title='bbox 1562 1595 1604 1662; x_wconf 75' lang='lat'>25,</span> <span class='ocrx_word' id='word_1_69' title='bbox 1622 1595 1695 1649; x_wconf 68' lang='lat' dir='ltr'>altr.</span> 
     </span>
     <span class='ocr_line' id='line_1_12' title="bbox 511 1681 1319 1750; baseline -0.002 -14"><span class='ocrx_word' id='word_1_70' title='bbox 511 1682 606 1737; x_wconf 89' lang='lat' dir='ltr'>LXIX.</span> <span class='ocrx_word' id='word_1_71' title='bbox 634 1683 674 1738; x_wconf 89' lang='lat' dir='ltr'>De</span> <span class='ocrx_word' id='word_1_72' title='bbox 699 1682 848 1738; x_wconf 82' lang='lat' dir='ltr'>wittimon.</span> <span class='ocrx_word' id='word_1_73' title='bbox 894 1682 963 1750; x_wconf 62' lang='grc' dir='ltr'>(ΟΒ.</span> <span class='ocrx_word' id='word_1_74' title='bbox 993 1682 1054 1736; x_wconf 67' lang='lat' dir='ltr'>Lab.</span> <span class='ocrx_word' id='word_1_75' title='bbox 1081 1687 1163 1736; x_wconf 71' lang='lat' dir='ltr'>emat.</span> <span class='ocrx_word' id='word_1_76' title='bbox 1189 1681 1231 1735; x_wconf 85' lang='lat' dir='ltr'>tit.</span> <span class='ocrx_word' id='word_1_77' title='bbox 1286 1710 1319 1718; x_wconf 92' lang='lat'><em>-</em></span> 
     </span>
     <span class='ocr_line' id='line_1_13' title="bbox 526 1852 1590 1920; baseline 0 -12"><span class='ocrx_word' id='word_1_78' title='bbox 526 1855 609 1909; x_wconf 90' lang='lat' dir='ltr'>LXX.</span> <span class='ocrx_word' id='word_1_79' title='bbox 638 1854 677 1910; x_wconf 91' lang='lat' dir='ltr'>De</span> <span class='ocrx_word' id='word_1_80' title='bbox 697 1854 786 1910; x_wconf 82' lang='lat' dir='ltr'>furtis.</span> <span class='ocrx_word' id='word_1_81' title='bbox 1288 1852 1344 1920; x_wconf 72' lang='lat' dir='ltr'>LVr.</span> <span class='ocrx_word' id='word_1_82' title='bbox 1363 1853 1397 1908; x_wconf 88' lang='lat' dir='ltr'>L.</span> <span class='ocrx_word' id='word_1_83' title='bbox 1417 1853 1492 1908; x_wconf 65' lang='lat' dir='ltr'>Rosa.</span> <span class='ocrx_word' id='word_1_84' title='bbox 1512 1852 1590 1908; x_wconf 72' lang='lat' dir='ltr'>rial.</span> 
     </span>
     <span class='ocr_line' id='line_1_14' title="bbox 509 1940 1318 2011; baseline 0.002 -16"><span class='ocrx_word' id='word_1_85' title='bbox 509 1941 606 1997; x_wconf 87' lang='lat' dir='ltr'>LXXI.</span> <span class='ocrx_word' id='word_1_86' title='bbox 633 1941 674 1996; x_wconf 89' lang='lat' dir='ltr'>De</span> <span class='ocrx_word' id='word_1_87' title='bbox 692 1940 744 2006; x_wconf 89' lang='lat' dir='ltr'>his,</span> <span class='ocrx_word' id='word_1_88' title='bbox 763 1940 812 2010; x_wconf 91' lang='lat' dir='ltr'>qui</span> <span class='ocrx_word' id='word_1_89' title='bbox 829 1941 905 1995; x_wconf 83' lang='lat' dir='ltr'>furta</span> <span class='ocrx_word' id='word_1_90' title='bbox 924 1944 1103 2011; x_wconf 87' lang='lat' dir='ltr'>componunt.</span> <span class='ocrx_word' id='word_1_91' title='bbox 1287 1969 1318 1980; x_wconf 91' lang='lat'>-</span> 
     </span>
     <span class='ocr_line' id='line_1_15' title="bbox 494 2027 1319 2097; baseline 0 -15"><span class='ocrx_word' id='word_1_92' title='bbox 494 2028 603 2082; x_wconf 89' lang='lat' dir='ltr'>LXXII.</span> <span class='ocrx_word' id='word_1_93' title='bbox 631 2028 671 2082; x_wconf 90' lang='lat' dir='ltr'>De</span> <span class='ocrx_word' id='word_1_94' title='bbox 690 2027 754 2083; x_wconf 85' lang='lat' dir='ltr'>feris</span> <span class='ocrx_word' id='word_1_95' title='bbox 772 2028 880 2097; x_wconf 85' lang='lat' dir='ltr'>pedica.</span> <span class='ocrx_word' id='word_1_96' title='bbox 1287 2059 1319 2066; x_wconf 93' lang='lat'>-</span> 
     </span>
     <span class='ocr_line' id='line_1_16' title="bbox 485 2113 2091 2183; baseline 0.001 -15"><span class='ocrx_word' id='word_1_97' title='bbox 485 2114 609 2169; x_wconf 90' lang='lat' dir='ltr'>LXXIII.</span> <span class='ocrx_word' id='word_1_98' title='bbox 637 2115 677 2168; x_wconf 89' lang='lat' dir='ltr'>De</span> <span class='ocrx_word' id='word_1_99' title='bbox 695 2113 820 2179; x_wconf 87' lang='lat' dir='ltr'>caballis,</span> <span class='ocrx_word' id='word_1_100' title='bbox 839 2114 940 2183; x_wconf 87' lang='lat' dir='ltr'>quibus</span> <span class='ocrx_word' id='word_1_101' title='bbox 958 2132 1021 2170; x_wconf 88' lang='lat' dir='ltr'>ossa</span> <span class='ocrx_word' id='word_1_102' title='bbox 1038 2118 1089 2171; x_wconf 89' lang='lat' dir='ltr'>aut</span> <span class='ocrx_word' id='word_1_103' title='bbox 1107 2115 1232 2170; x_wconf 87' lang='lat' dir='ltr'>scindola</span> <span class='ocrx_word' id='word_1_104' title='bbox 1340 2113 1441 2167; x_wconf 87' lang='lat' dir='ltr'>XXIX.</span> <span class='ocrx_word' id='word_1_105' title='bbox 1468 2113 1508 2167; x_wconf 89' lang='lat' dir='ltr'>De</span> <span class='ocrx_word' id='word_1_106' title='bbox 1527 2113 1651 2178; x_wconf 78' lang='lat' dir='ltr'>caballis,</span> <span class='ocrx_word' id='word_1_107' title='bbox 1670 2113 1772 2182; x_wconf 90' lang='lat' dir='ltr'>quibus</span> <span class='ocrx_word' id='word_1_108' title='bbox 1790 2132 1820 2168; x_wconf 90' lang='lat' dir='ltr'>os</span> <span class='ocrx_word' id='word_1_109' title='bbox 1833 2118 1883 2168; x_wconf 89' lang='lat' dir='ltr'>aut</span> <span class='ocrx_word' id='word_1_110' title='bbox 1901 2115 2032 2170; x_wconf 86' lang='lat' dir='ltr'>scindola</span> <span class='ocrx_word' id='word_1_111' title='bbox 2053 2117 2091 2170; x_wconf 86' lang='lat' dir='ltr'>ad</span> 
     </span>
     <span class='ocr_line' id='line_1_17' title="bbox 671 2199 1777 2270; baseline 0 -16"><span class='ocrx_word' id='word_1_112' title='bbox 671 2199 707 2254; x_wconf 88' lang='lat' dir='ltr'>ad</span> <span class='ocrx_word' id='word_1_113' title='bbox 726 2200 842 2254; x_wconf 83' lang='lat' dir='ltr'>caudam</span> <span class='ocrx_word' id='word_1_114' title='bbox 861 2200 952 2270; x_wconf 87' lang='lat' dir='ltr'>ligata</span> <span class='ocrx_word' id='word_1_115' title='bbox 970 2201 1082 2257; x_wconf 79' lang='lat' dir='ltr'>tuerint.</span> <span class='ocrx_word' id='word_1_116' title='bbox 1470 2200 1560 2254; x_wconf 85' lang='lat' dir='ltr'>cauda</span> <span class='ocrx_word' id='word_1_117' title='bbox 1578 2199 1668 2270; x_wconf 79' lang='lat' dir='ltr'>ligata</span> <span class='ocrx_word' id='word_1_118' title='bbox 1686 2200 1777 2255; x_wconf 84' lang='lat' dir='ltr'>inerit.</span> 
     </span>
     <span class='ocr_line' id='line_1_18' title="bbox 482 2285 1318 2356; baseline 0.006 -16"><span class='ocrx_word' id='word_1_119' title='bbox 482 2286 604 2341; x_wconf 87' lang='lat' dir='ltr'>LXXIV.</span> <span class='ocrx_word' id='word_1_120' title='bbox 633 2287 673 2342; x_wconf 92' lang='lat' dir='ltr'>De</span> <span class='ocrx_word' id='word_1_121' title='bbox 697 2285 788 2341; x_wconf 85' lang='lat' dir='ltr'>viduis</span> <span class='ocrx_word' id='word_1_122' title='bbox 816 2290 845 2342; x_wconf 87' lang='lat' dir='ltr'>et</span> <span class='ocrx_word' id='word_1_123' title='bbox 872 2286 936 2342; x_wconf 88' lang='lat' dir='ltr'>filiis</span> <span class='ocrx_word' id='word_1_124' title='bbox 964 2305 1067 2344; x_wconf 87' lang='lat' dir='ltr'>earum.</span> <span class='ocrx_word' id='word_1_125' title='bbox 1108 2289 1205 2356; x_wconf 80' lang='lat' dir='ltr'>(Nooel</span> <span class='ocrx_word' id='word_1_126' title='bbox 1286 2317 1318 2325; x_wconf 90' lang='lat'><em>-</em></span> 
     </span>
     <span class='ocr_line' id='line_1_19' title="bbox 669 2373 1068 2444; baseline 0.01 -18"><span class='ocrx_word' id='word_1_127' title='bbox 669 2374 712 2428; x_wconf 79' lang='lat' dir='ltr'>Iex</span> <span class='ocrx_word' id='word_1_128' title='bbox 730 2373 768 2427; x_wconf 82' lang='lat' dir='ltr'>ad</span> <span class='ocrx_word' id='word_1_129' title='bbox 785 2373 843 2428; x_wconf 87' lang='lat' dir='ltr'>Lib.</span> <span class='ocrx_word' id='word_1_130' title='bbox 862 2380 943 2428; x_wconf 72' lang='lat' dir='ltr'>oorsst</span> <span class='ocrx_word' id='word_1_131' title='bbox 962 2375 999 2429; x_wconf 86' lang='lat' dir='ltr'>tit.</span> <span class='ocrx_word' id='word_1_132' title='bbox 1013 2377 1068 2444; x_wconf 82' lang='lat'>62.)</span> 
     </span>
     <span class='ocr_line' id='line_1_20' title="bbox 498 2459 1318 2531; baseline 0.004 -19"><span class='ocrx_word' id='word_1_133' title='bbox 498 2459 606 2515; x_wconf 89' lang='lat' dir='ltr'>LXXV.</span> <span class='ocrx_word' id='word_1_134' title='bbox 634 2459 673 2514; x_wconf 87' lang='lat' dir='ltr'>De</span> <span class='ocrx_word' id='word_1_135' title='bbox 692 2459 849 2514; x_wconf 86' lang='lat' dir='ltr'>hereditate</span> <span class='ocrx_word' id='word_1_136' title='bbox 873 2459 947 2515; x_wconf 88' lang='lat' dir='ltr'>inter</span> <span class='ocrx_word' id='word_1_137' title='bbox 965 2465 1097 2531; x_wconf 75' lang='lat' dir='ltr'>nepotem</span> <span class='ocrx_word' id='word_1_138' title='bbox 1115 2466 1144 2517; x_wconf 88' lang='lat' dir='ltr'>et</span> <span class='ocrx_word' id='word_1_139' title='bbox 1161 2461 1229 2516; x_wconf 84' lang='lat' dir='ltr'>anri-</span> <span class='ocrx_word' id='word_1_140' title='bbox 1288 2489 1318 2497; x_wconf 92' lang='lat'><em>-</em></span> 
     </span>
     <span class='ocr_line' id='line_1_21' title="bbox 669 2545 1229 2614; baseline 0.004 -15"><span class='ocrx_word' id='word_1_141' title='bbox 669 2548 729 2600; x_wconf 87' lang='lat' dir='ltr'>tarn</span> <span class='ocrx_word' id='word_1_142' title='bbox 746 2545 906 2602; x_wconf 86' lang='lat' dir='ltr'>dividenda.</span> <span class='ocrx_word' id='word_1_143' title='bbox 929 2547 1056 2614; x_wconf 81' lang='lat' dir='ltr'>(Novello</span> <span class='ocrx_word' id='word_1_144' title='bbox 1069 2549 1110 2602; x_wconf 76' lang='lat' dir='ltr'>len</span> <span class='ocrx_word' id='word_1_145' title='bbox 1122 2547 1158 2600; x_wconf 74' lang='lat' dir='ltr'>ori</span> <span class='ocrx_word' id='word_1_146' title='bbox 1173 2547 1229 2602; x_wconf 72' lang='lat' dir='ltr'>aa.</span> 
     </span>
     <span class='ocr_line' id='line_1_22' title="bbox 668 2633 928 2702; baseline 0.015 -17"><span class='ocrx_word' id='word_1_147' title='bbox 668 2637 748 2686; x_wconf 73' lang='lat' dir='ltr'>oorsst.</span> <span class='ocrx_word' id='word_1_148' title='bbox 767 2633 808 2687; x_wconf 82' lang='lat' dir='ltr'>tit.</span> <span class='ocrx_word' id='word_1_149' title='bbox 822 2635 863 2688; x_wconf 89' lang='lat'>14.</span> <span class='ocrx_word' id='word_1_150' title='bbox 873 2636 928 2702; x_wconf 81' lang='lat'>51.)</span> 
     </span>
     <span class='ocr_line' id='line_1_23' title="bbox 482 2717 1742 2788; baseline 0.002 -16"><span class='ocrx_word' id='word_1_151' title='bbox 482 2717 604 2772; x_wconf 89' lang='lat' dir='ltr'>LXXVI.</span> <span class='ocrx_word' id='word_1_152' title='bbox 632 2717 673 2772; x_wconf 89' lang='lat' dir='ltr'>De</span> <span class='ocrx_word' id='word_1_153' title='bbox 690 2717 872 2774; x_wconf 71' lang='lat' dir='ltr'>wittiscalcis.</span> <span class='ocrx_word' id='word_1_154' title='bbox 1353 2717 1439 2772; x_wconf 91' lang='lat' dir='ltr'>XXX.</span> <span class='ocrx_word' id='word_1_155' title='bbox 1468 2717 1507 2771; x_wconf 90' lang='lat' dir='ltr'>De</span> <span class='ocrx_word' id='word_1_156' title='bbox 1525 2717 1742 2788; x_wconf 82' lang='lat' dir='ltr'>apparitoribus.</span> 
     </span>
     <span class='ocr_line' id='line_1_24' title="bbox 469 2803 1679 2875; baseline 0 -17"><span class='ocrx_word' id='word_1_157' title='bbox 469 2803 606 2858; x_wconf 90' lang='lat' dir='ltr'>LXXVII.</span> <span class='ocrx_word' id='word_1_158' title='bbox 635 2803 675 2858; x_wconf 90' lang='lat' dir='ltr'>De</span> <span class='ocrx_word' id='word_1_159' title='bbox 698 2803 937 2875; x_wconf 76' lang='lat' dir='ltr'>inscriptionibus,</span> <span class='ocrx_word' id='word_1_160' title='bbox 977 2807 1099 2874; x_wconf 76' lang='lat' dir='ltr'>(Nouello</span> <span class='ocrx_word' id='word_1_161' title='bbox 1126 2807 1169 2862; x_wconf 73' lang='lat' dir='ltr'>lex</span> <span class='ocrx_word' id='word_1_162' title='bbox 1192 2806 1229 2860; x_wconf 81' lang='lat' dir='ltr'>uri</span> <span class='ocrx_word' id='word_1_163' title='bbox 1285 2803 1341 2871; x_wconf 79' lang='lat' dir='ltr'>Osr.</span> <span class='ocrx_word' id='word_1_164' title='bbox 1362 2804 1396 2859; x_wconf 96' lang='lat' dir='ltr'>L.</span> <span class='ocrx_word' id='word_1_165' title='bbox 1416 2805 1495 2860; x_wconf 78' lang='lat' dir='ltr'>Rern.</span> <span class='ocrx_word' id='word_1_166' title='bbox 1513 2805 1590 2870; x_wconf 65' lang='lat' dir='ltr'>rar,</span> <span class='ocrx_word' id='word_1_167' title='bbox 1607 2805 1679 2859; x_wconf 68' lang='lat' dir='ltr'>rubr.</span> 
     </span>
     <span class='ocr_line' id='line_1_25' title="bbox 671 2890 942 2960; baseline 0.007 -16"><span class='ocrx_word' id='word_1_168' title='bbox 671 2890 732 2945; x_wconf 85' lang='lat' dir='ltr'>Lib.</span> <span class='ocrx_word' id='word_1_169' title='bbox 753 2897 835 2947; x_wconf 71' lang='lat' dir='ltr'>oona.</span> <span class='ocrx_word' id='word_1_170' title='bbox 854 2893 892 2948; x_wconf 82' lang='lat' dir='ltr'>tit.</span> <span class='ocrx_word' id='word_1_171' title='bbox 907 2893 942 2960; x_wconf 76' lang='lat'>7.)</span> 
     </span>
     <span class='ocr_line' id='line_1_26' title="bbox 458 2976 1314 3049; baseline 0.008 -19"><span class='ocrx_word' id='word_1_172' title='bbox 458 2976 607 3031; x_wconf 89' lang='lat' dir='ltr'>LXXVIII.</span> <span class='ocrx_word' id='word_1_173' title='bbox 636 2978 676 3033; x_wconf 91' lang='lat' dir='ltr'>De</span> <span class='ocrx_word' id='word_1_174' title='bbox 694 2978 883 3034; x_wconf 82' lang='lat' dir='ltr'>hereditatum</span> <span class='ocrx_word' id='word_1_175' title='bbox 901 2979 1081 3036; x_wconf 87' lang='lat' dir='ltr'>successione.</span> <span class='ocrx_word' id='word_1_176' title='bbox 1105 2981 1228 3049; x_wconf 73' lang='lat' dir='ltr'>(Novello</span> <span class='ocrx_word' id='word_1_177' title='bbox 1282 3007 1314 3016; x_wconf 96' lang='lat'>-</span> 
     </span>
     <span class='ocr_line' id='line_1_27' title="bbox 668 3064 1107 3137; baseline 0.009 -20"><span class='ocrx_word' id='word_1_178' title='bbox 668 3065 711 3118; x_wconf 77' lang='lat' dir='ltr'>lea</span> <span class='ocrx_word' id='word_1_179' title='bbox 728 3064 766 3118; x_wconf 78' lang='lat' dir='ltr'>od</span> <span class='ocrx_word' id='word_1_180' title='bbox 783 3065 843 3120; x_wconf 66' lang='lat' dir='ltr'>Lab.</span> <span class='ocrx_word' id='word_1_181' title='bbox 863 3073 945 3122; x_wconf 71' lang='lat' dir='ltr'>wast.</span> <span class='ocrx_word' id='word_1_182' title='bbox 963 3067 1003 3122; x_wconf 85' lang='lat' dir='ltr'>tit.</span> <span class='ocrx_word' id='word_1_183' title='bbox 1016 3068 1058 3133; x_wconf 81' lang='lat'>51,</span> <span class='ocrx_word' id='word_1_184' title='bbox 1069 3069 1107 3137; x_wconf 82' lang='lat'>2.)</span> 
     </span>
     <span class='ocr_line' id='line_1_28' title="bbox 480 3148 1926 3224; baseline 0.006 -23"><span class='ocrx_word' id='word_1_185' title='bbox 480 3148 602 3204; x_wconf 89' lang='lat' dir='ltr'>LXXIX.</span> <span class='ocrx_word' id='word_1_186' title='bbox 633 3150 674 3205; x_wconf 89' lang='lat' dir='ltr'>De</span> <span class='ocrx_word' id='word_1_187' title='bbox 692 3152 912 3223; x_wconf 76' lang='lat' dir='ltr'>praescriptione</span> <span class='ocrx_word' id='word_1_188' title='bbox 930 3157 1096 3223; x_wconf 87' lang='lat' dir='ltr'>temporum.</span> <span class='ocrx_word' id='word_1_189' title='bbox 1337 3150 1436 3205; x_wconf 91' lang='lat' dir='ltr'>XXXI.</span> <span class='ocrx_word' id='word_1_190' title='bbox 1464 3152 1504 3206; x_wconf 88' lang='lat' dir='ltr'>De</span> <span class='ocrx_word' id='word_1_191' title='bbox 1523 3152 1743 3223; x_wconf 74' lang='lat' dir='ltr'>praescriptione</span> <span class='ocrx_word' id='word_1_192' title='bbox 1761 3157 1926 3224; x_wconf 86' lang='lat' dir='ltr'>temporum.</span> 
     </span>
     <span class='ocr_line' id='line_1_29' title="bbox 497 3235 1928 3296; baseline 0.004 -7"><span class='ocrx_word' id='word_1_193' title='bbox 497 3235 607 3290; x_wconf 90' lang='lat' dir='ltr'>LXXX.</span> <span class='ocrx_word' id='word_1_194' title='bbox 635 3236 674 3292; x_wconf 89' lang='lat' dir='ltr'>De</span> <span class='ocrx_word' id='word_1_195' title='bbox 710 3237 830 3294; x_wconf 89' lang='lat' dir='ltr'>testibus</span> <span class='ocrx_word' id='word_1_196' title='bbox 866 3239 937 3295; x_wconf 84' lang='lat' dir='ltr'>falsa</span> <span class='ocrx_word' id='word_1_197' title='bbox 976 3239 1160 3296; x_wconf 80' lang='lat' dir='ltr'>referentibus</span> <span class='ocrx_word' id='word_1_198' title='bbox 1199 3242 1228 3295; x_wconf 88' lang='lat' dir='ltr'>et</span> <span class='ocrx_word' id='word_1_199' title='bbox 1320 3236 1434 3293; x_wconf 92' lang='lat' dir='ltr'>XXXII.</span> <span class='ocrx_word' id='word_1_200' title='bbox 1462 3237 1502 3292; x_wconf 90' lang='lat' dir='ltr'>De</span> <span class='ocrx_word' id='word_1_201' title='bbox 1520 3237 1640 3294; x_wconf 84' lang='lat' dir='ltr'>falsariis</span> <span class='ocrx_word' id='word_1_202' title='bbox 1659 3244 1687 3295; x_wconf 92' lang='lat' dir='ltr'>et</span> <span class='ocrx_word' id='word_1_203' title='bbox 1705 3239 1782 3294; x_wconf 86' lang='lat' dir='ltr'>falsis</span> <span class='ocrx_word' id='word_1_204' title='bbox 1801 3240 1928 3296; x_wconf 88' lang='lat' dir='ltr'>testibus.</span> 
     </span>
     <span class='ocr_line' id='line_1_30' title="bbox 670 3324 915 3380; baseline 0.008 -2"><span class='ocrx_word' id='word_1_205' title='bbox 670 3324 915 3380; x_wconf 86' lang='lat' dir='ltr'>calumniantibus.</span> 
     </span>
     <span class='ocr_line' id='line_1_31' title="bbox 481 3409 2085 3485; baseline 0.005 -22"><span class='ocrx_word' id='word_1_206' title='bbox 481 3409 601 3464; x_wconf 89' lang='lat' dir='ltr'>LXXXI.</span> <span class='ocrx_word' id='word_1_207' title='bbox 630 3410 670 3466; x_wconf 87' lang='lat' dir='ltr'>De</span> <span class='ocrx_word' id='word_1_208' title='bbox 699 3410 974 3482; x_wconf 86' lang='lat' dir='ltr'>interpellationibus</span> <span class='ocrx_word' id='word_1_209' title='bbox 1004 3413 1081 3483; x_wconf 90' lang='lat' dir='ltr'>apud</span> <span class='ocrx_word' id='word_1_210' title='bbox 1107 3414 1227 3470; x_wconf 89' lang='lat' dir='ltr'>iudicem</span> <span class='ocrx_word' id='word_1_211' title='bbox 1307 3409 1435 3468; x_wconf 91' lang='lat' dir='ltr'>XXXIII.</span> <span class='ocrx_word' id='word_1_212' title='bbox 1463 3411 1503 3466; x_wconf 88' lang='lat' dir='ltr'>De</span> <span class='ocrx_word' id='word_1_213' title='bbox 1512 3410 1823 3482; x_wconf 87' lang='lat' dir='ltr'>interpellationibuset</span> <span class='ocrx_word' id='word_1_214' title='bbox 1832 3415 2085 3485; x_wconf 86' lang='lat' dir='ltr'>appellationibus.</span> 
     </span>
     <span class='ocr_line' id='line_1_32' title="bbox 668 3497 777 3552; baseline 0.009 -1"><span class='ocrx_word' id='word_1_215' title='bbox 668 3497 777 3552; x_wconf 86' lang='lat' dir='ltr'>futuris.</span> 
     </span>
     <span class='ocr_line' id='line_1_33' title="bbox 468 3582 1636 3652; baseline 0.004 -17"><span class='ocrx_word' id='word_1_216' title='bbox 468 3582 605 3638; x_wconf 88' lang='lat' dir='ltr'>LXXXII.</span> <span class='ocrx_word' id='word_1_217' title='bbox 633 3583 673 3638; x_wconf 91' lang='lat' dir='ltr'>De</span> <span class='ocrx_word' id='word_1_218' title='bbox 691 3583 906 3640; x_wconf 81' lang='lat' dir='ltr'>fideiussoribus.</span> <span class='ocrx_word' id='word_1_219' title='bbox 1282 3584 1338 3652; x_wconf 68' lang='grc' dir='ltr'>σίν.</span> <span class='ocrx_word' id='word_1_220' title='bbox 1358 3584 1391 3640; x_wconf 88' lang='lat' dir='ltr'>L.</span> <span class='ocrx_word' id='word_1_221' title='bbox 1412 3585 1489 3640; x_wconf 72' lang='lat' dir='ltr'>Rosia</span> <span class='ocrx_word' id='word_1_222' title='bbox 1507 3586 1549 3639; x_wconf 84' lang='lat' dir='ltr'>tit.</span> <span class='ocrx_word' id='word_1_223' title='bbox 1563 3585 1604 3652; x_wconf 76' lang='lat'>14,</span> <span class='ocrx_word' id='word_1_224' title='bbox 1613 3585 1636 3640; x_wconf 87' lang='lat'>3.</span> 
     </span>
     <span class='ocr_line' id='line_1_34' title="bbox 455 3668 1734 3741; baseline 0.003 -20"><span class='ocrx_word' id='word_1_225' title='bbox 455 3668 604 3724; x_wconf 87' lang='lat' dir='ltr'>LXXXIII.</span> <span class='ocrx_word' id='word_1_226' title='bbox 632 3671 673 3728; x_wconf 90' lang='lat' dir='ltr'>De</span> <span class='ocrx_word' id='word_1_227' title='bbox 703 3671 759 3736; x_wconf 87' lang='lat' dir='ltr'>his,</span> <span class='ocrx_word' id='word_1_228' title='bbox 795 3671 843 3741; x_wconf 90' lang='lat' dir='ltr'>qui</span> <span class='ocrx_word' id='word_1_229' title='bbox 878 3671 954 3741; x_wconf 86' lang='lat' dir='ltr'>apud</span> <span class='ocrx_word' id='word_1_230' title='bbox 984 3671 1054 3727; x_wconf 87' lang='lat' dir='ltr'>alios</span> <span class='ocrx_word' id='word_1_231' title='bbox 1087 3691 1131 3728; x_wconf 85' lang='lat' dir='ltr'>res</span> <span class='ocrx_word' id='word_1_232' title='bbox 1166 3693 1229 3730; x_wconf 82' lang='lat' dir='ltr'>suos</span> <span class='ocrx_word' id='word_1_233' title='bbox 1309 3671 1436 3728; x_wconf 90' lang='lat' dir='ltr'>XXXIV.</span> <span class='ocrx_word' id='word_1_234' title='bbox 1463 3673 1504 3728; x_wconf 89' lang='lat' dir='ltr'>De</span> <span class='ocrx_word' id='word_1_235' title='bbox 1522 3671 1603 3727; x_wconf 90' lang='lat' dir='ltr'>rebus</span> <span class='ocrx_word' id='word_1_236' title='bbox 1621 3669 1734 3740; x_wconf 86' lang='lat' dir='ltr'>agnitis.</span> 
     </span>
     <span class='ocr_line' id='line_1_35' title="bbox 668 3762 832 3829; baseline -0.012 -14"><span class='ocrx_word' id='word_1_237' title='bbox 668 3762 832 3829; x_wconf 83' lang='lat' dir='ltr'>agnoscunt.</span> 
     </span>
     <span class='ocr_line' id='line_1_36' title="bbox 456 3844 1733 3935; baseline 0 -37"><span class='ocrx_word' id='word_1_238' title='bbox 456 3845 605 3899; x_wconf 89' lang='lat' dir='ltr'>LXXXIV.</span> <span class='ocrx_word' id='word_1_239' title='bbox 633 3845 673 3899; x_wconf 89' lang='lat' dir='ltr'>De</span> <span class='ocrx_word' id='word_1_240' title='bbox 690 3844 852 3900; x_wconf 85' lang='lat' dir='ltr'>venditione</span> <span class='ocrx_word' id='word_1_241' title='bbox 870 3848 1013 3900; x_wconf 87' lang='lat' dir='ltr'>terrarum.</span> <span class='ocrx_word' id='word_1_242' title='bbox 1253 3853 1255 3935; x_wconf 59' lang='lat'>5</span> <span class='ocrx_word' id='word_1_243' title='bbox 1322 3845 1436 3900; x_wconf 89' lang='lat' dir='ltr'>XXXV.</span> <span class='ocrx_word' id='word_1_244' title='bbox 1464 3845 1504 3900; x_wconf 90' lang='lat' dir='ltr'>De</span> <span class='ocrx_word' id='word_1_245' title='bbox 1522 3844 1733 3900; x_wconf 85' lang='lat' dir='ltr'>vinditionibns.</span> 
     </span>
     <span class='ocr_line' id='line_1_37' title="bbox 468 3930 1787 4002; baseline -0.002 -17"><span class='ocrx_word' id='word_1_246' title='bbox 468 3931 604 3986; x_wconf 90' lang='lat' dir='ltr'>LXXXV.</span> <span class='ocrx_word' id='word_1_247' title='bbox 632 3932 672 3986; x_wconf 90' lang='lat' dir='ltr'>De</span> <span class='ocrx_word' id='word_1_248' title='bbox 691 3932 816 4002; x_wconf 90' lang='lat' dir='ltr'>pupillis.</span> <span class='ocrx_word' id='word_1_249' title='bbox 1308 3931 1435 3986; x_wconf 91' lang='lat' dir='ltr'>XXXVI.</span> <span class='ocrx_word' id='word_1_250' title='bbox 1462 3931 1503 3986; x_wconf 90' lang='lat' dir='ltr'>De</span> <span class='ocrx_word' id='word_1_251' title='bbox 1521 3931 1623 3986; x_wconf 92' lang='lat' dir='ltr'>tntillis</span> <span class='ocrx_word' id='word_1_252' title='bbox 1640 3930 1787 3984; x_wconf 90' lang='lat' dir='ltr'>minorum.</span> 
     </span>
     <span class='ocr_line' id='line_1_38' title="bbox 456 4017 1312 4074; baseline 0.006 -3"><span class='ocrx_word' id='word_1_253' title='bbox 456 4017 606 4073; x_wconf 89' lang='lat' dir='ltr'>LXXXVI.</span> <span class='ocrx_word' id='word_1_254' title='bbox 634 4019 674 4073; x_wconf 91' lang='lat' dir='ltr'>De</span> <span class='ocrx_word' id='word_1_255' title='bbox 692 4019 877 4074; x_wconf 86' lang='lat' dir='ltr'>malahcreda.</span> <span class='ocrx_word' id='word_1_256' title='bbox 1279 4049 1312 4058; x_wconf 90' lang='grc'>-</span> 
     </span>
     <span class='ocr_line' id='line_1_39' title="bbox 443 4103 1686 4197; baseline 0.003 -41"><span class='ocrx_word' id='word_1_257' title='bbox 443 4103 607 4160; x_wconf 91' lang='lat' dir='ltr'>LXXXVII.</span> <span class='ocrx_word' id='word_1_258' title='bbox 633 4105 673 4160; x_wconf 84' lang='lat' dir='ltr'>De</span> <span class='ocrx_word' id='word_1_259' title='bbox 691 4105 829 4162; x_wconf 88' lang='lat' dir='ltr'>minorum</span> <span class='ocrx_word' id='word_1_260' title='bbox 847 4105 1045 4160; x_wconf 82' lang='lat' dir='ltr'>contractibus.</span> <span class='ocrx_word' id='word_1_261' title='bbox 1251 4150 1254 4197; x_wconf 64' lang='grc' dir='ltr'>Ι</span> <span class='ocrx_word' id='word_1_262' title='bbox 1281 4106 1337 4172; x_wconf 82' lang='lat' dir='ltr'>Ofr.</span> <span class='ocrx_word' id='word_1_263' title='bbox 1358 4105 1390 4160; x_wconf 90' lang='lat' dir='ltr'>L.</span> <span class='ocrx_word' id='word_1_264' title='bbox 1410 4104 1488 4158; x_wconf 85' lang='lat' dir='ltr'>Rom.</span> <span class='ocrx_word' id='word_1_265' title='bbox 1506 4105 1545 4158; x_wconf 86' lang='lat' dir='ltr'>tit.</span> <span class='ocrx_word' id='word_1_266' title='bbox 1558 4105 1600 4171; x_wconf 90' lang='grc'>36,</span> <span class='ocrx_word' id='word_1_267' title='bbox 1611 4105 1686 4160; x_wconf 73' lang='grc'><strong>7-9.</strong></span> 
     </span>
     <span class='ocr_line' id='line_1_40' title="bbox 427 4189 1311 4260; baseline 0.005 -17"><span class='ocrx_word' id='word_1_268' title='bbox 427 4189 604 4244; x_wconf 93' lang='lat' dir='ltr'>LXXXVIII.</span> <span class='ocrx_word' id='word_1_269' title='bbox 633 4191 672 4244; x_wconf 83' lang='lat' dir='ltr'>De</span> <span class='ocrx_word' id='word_1_270' title='bbox 688 4191 875 4247; x_wconf 81' lang='lat' dir='ltr'>libertatibus.</span> <span class='ocrx_word' id='word_1_271' title='bbox 899 4192 1024 4260; x_wconf 82' lang='lat' dir='ltr'>(Novella</span> <span class='ocrx_word' id='word_1_272' title='bbox 1036 4193 1152 4259; x_wconf 59' lang='lat' dir='ltr'>lea-cfr.</span> <span class='ocrx_word' id='word_1_273' title='bbox 1166 4192 1226 4246; x_wconf 74' lang='lat' dir='ltr'>Lib.</span> <span class='ocrx_word' id='word_1_274' title='bbox 1251 4210 1254 4223; x_wconf 78' lang='lat'>¹</span> <span class='ocrx_word' id='word_1_275' title='bbox 1280 4221 1311 4230; x_wconf 86' lang='lat'>-</span> 
     </span>
     <span class='ocr_line' id='line_1_41' title="bbox 665 4279 957 4348; baseline 0.007 -16"><span class='ocrx_word' id='word_1_276' title='bbox 665 4285 745 4332; x_wconf 61' lang='lat' dir='ltr'>corin</span> <span class='ocrx_word' id='word_1_277' title='bbox 764 4279 802 4333; x_wconf 79' lang='lat' dir='ltr'>tit.</span> <span class='ocrx_word' id='word_1_278' title='bbox 816 4282 840 4334; x_wconf 90' lang='grc'>3.</span> <span class='ocrx_word' id='word_1_279' title='bbox 850 4279 893 4334; x_wconf 82' lang='grc'>40.</span> <span class='ocrx_word' id='word_1_280' title='bbox 903 4280 957 4348; x_wconf 82' lang='grc'><strong><em>57.)</em></strong></span> 
     </span>
     <span class='ocr_line' id='line_1_42' title="bbox 1292 4363 2081 4434; baseline 0 -14"><span class='ocrx_word' id='word_1_281' title='bbox 1292 4365 1433 4420; x_wconf 90' lang='lat' dir='ltr'>XXXVII.</span> <span class='ocrx_word' id='word_1_282' title='bbox 1459 4364 1499 4419; x_wconf 90' lang='lat' dir='ltr'>De</span> <span class='ocrx_word' id='word_1_283' title='bbox 1522 4365 1628 4434; x_wconf 88' lang='lat' dir='ltr'>nuptiis</span> <span class='ocrx_word' id='word_1_284' title='bbox 1652 4363 1786 4434; x_wconf 81' lang='lat' dir='ltr'>legitimis</span> <span class='ocrx_word' id='word_1_285' title='bbox 1814 4365 1872 4419; x_wconf 86' lang='lat' dir='ltr'>sive</span> <span class='ocrx_word' id='word_1_286' title='bbox 1901 4367 2081 4422; x_wconf 82' lang='lat' dir='ltr'>naturalibus</span> 
     </span>
     <span class='ocr_line' id='line_1_43' title="bbox 1494 4451 2081 4522; baseline 0.007 -18"><span class='ocrx_word' id='word_1_287' title='bbox 1494 4451 1566 4507; x_wconf 87' lang='lat' dir='ltr'>filiis.</span> <span class='ocrx_word' id='word_1_288' title='bbox 1602 4451 1659 4518; x_wconf 65' lang='grc' dir='ltr'>ΟΒ.</span> <span class='ocrx_word' id='word_1_289' title='bbox 1680 4451 1739 4504; x_wconf 69' lang='lat' dir='ltr'>(nd.</span> <span class='ocrx_word' id='word_1_290' title='bbox 1764 4451 1858 4505; x_wconf 78' lang='lat' dir='ltr'>Thond.</span> <span class='ocrx_word' id='word_1_291' title='bbox 1879 4451 1937 4518; x_wconf 85' lang='lat' dir='ltr'>III,</span> <span class='ocrx_word' id='word_1_292' title='bbox 1954 4455 1978 4518; x_wconf 78' lang='lat' dir='ltr'>l,</span> <span class='ocrx_word' id='word_1_293' title='bbox 1999 4455 2081 4522; x_wconf 72' lang='lat' dir='ltr'>rubr„</span> 
     </span>
     <span class='ocr_line' id='line_1_44' title="bbox 1248 4529 1679 4605; baseline 0.005 -16"><span class='ocrx_word' id='word_1_294' title='bbox 1248 4529 1252 4589; x_wconf 80' lang='lat' dir='ltr'>l</span> <span class='ocrx_word' id='word_1_295' title='bbox 1495 4537 1550 4604; x_wconf 90' lang='lat' dir='ltr'>IV,</span> <span class='ocrx_word' id='word_1_296' title='bbox 1564 4541 1589 4605; x_wconf 77' lang='lat' dir='ltr'>o,</span> <span class='ocrx_word' id='word_1_297' title='bbox 1608 4538 1679 4591; x_wconf 77' lang='lat' dir='ltr'>rrtbr.</span> 
     </span>
     <span class='ocr_line' id='line_1_45' title="bbox 1247 4610 2081 4728; baseline 0.004 -50"><span class='ocrx_word' id='word_1_298' title='bbox 1247 4610 1250 4728; x_wconf 59' lang='lat' dir='ltr'>j</span> <span class='ocrx_word' id='word_1_299' title='bbox 1278 4623 1431 4678; x_wconf 90' lang='lat' dir='ltr'>XXXVIII.</span> <span class='ocrx_word' id='word_1_300' title='bbox 1458 4625 1496 4676; x_wconf 85' lang='lat' dir='ltr'>De</span> <span class='ocrx_word' id='word_1_301' title='bbox 1514 4624 1605 4693; x_wconf 88' lang='lat' dir='ltr'>pactis</span> <span class='ocrx_word' id='word_1_302' title='bbox 1618 4628 1647 4678; x_wconf 91' lang='lat' dir='ltr'>et</span> <span class='ocrx_word' id='word_1_303' title='bbox 1659 4623 1897 4679; x_wconf 85' lang='lat' dir='ltr'>transactionibus</span> <span class='ocrx_word' id='word_1_304' title='bbox 1910 4623 1980 4679; x_wconf 86' lang='lat' dir='ltr'>haee</span> <span class='ocrx_word' id='word_1_305' title='bbox 1990 4626 2081 4681; x_wconf 79' lang='lat' dir='ltr'>sonna</span> 
     </span>
     <span class='ocr_line' id='line_1_46' title="bbox 1494 4709 2079 4780; baseline 0.005 -16"><span class='ocrx_word' id='word_1_306' title='bbox 1494 4710 1630 4765; x_wconf 83' lang='lat' dir='ltr'>servanda</span> <span class='ocrx_word' id='word_1_307' title='bbox 1649 4715 1699 4767; x_wconf 84' lang='lat' dir='ltr'>est.</span> <span class='ocrx_word' id='word_1_308' title='bbox 1728 4709 1784 4777; x_wconf 64' lang='lat' dir='ltr'>cfr.</span> <span class='ocrx_word' id='word_1_309' title='bbox 1799 4709 1862 4765; x_wconf 73' lang='lat' dir='ltr'>(ao.</span> <span class='ocrx_word' id='word_1_310' title='bbox 1885 4710 1978 4764; x_wconf 67' lang='lat' dir='ltr'>IIwul.</span> <span class='ocrx_word' id='word_1_311' title='bbox 1993 4712 2037 4778; x_wconf 88' lang='lat' dir='ltr'>II,</span> <span class='ocrx_word' id='word_1_312' title='bbox 2052 4713 2079 4780; x_wconf 81' lang='lat'>9,</span> 
     </span>
     <span class='ocr_line' id='line_1_47' title="bbox 1248 4797 1567 4853; baseline 0.013 -4"><span class='ocrx_word' id='word_1_313' title='bbox 1248 4822 1250 4831; x_wconf 89' lang='grc'><strong><em>·</em></strong></span> <span class='ocrx_word' id='word_1_314' title='bbox 1495 4797 1567 4853; x_wconf 70' lang='lat' dir='ltr'>aibr.</span> 
     </span>
     <span class='ocr_line' id='line_1_48' title="bbox 425 4874 2015 4954; baseline 0.005 -22"><span class='ocrx_word' id='word_1_315' title='bbox 425 4877 481 4946; x_wconf 75' lang='lat' dir='ltr'>Osr.</span> <span class='ocrx_word' id='word_1_316' title='bbox 501 4879 562 4934; x_wconf 80' lang='lat' dir='ltr'>Lib.</span> <span class='ocrx_word' id='word_1_317' title='bbox 580 4888 661 4936; x_wconf 82' lang='lat' dir='ltr'>const.</span> <span class='ocrx_word' id='word_1_318' title='bbox 680 4883 718 4936; x_wconf 84' lang='lat' dir='ltr'>tit.</span> <span class='ocrx_word' id='word_1_319' title='bbox 733 4884 775 4950; x_wconf 77' lang='lat'>55,</span> <span class='ocrx_word' id='word_1_320' title='bbox 789 4885 813 4937; x_wconf 82' lang='lat'>6.</span> <span class='ocrx_word' id='word_1_321' title='bbox 824 4883 847 4937; x_wconf 81' lang='lat' dir='ltr'>I.</span> <span class='ocrx_word' id='word_1_322' title='bbox 1248 4874 1250 4929; x_wconf 69' lang='grc' dir='ltr'>Ξ</span> <span class='ocrx_word' id='word_1_323' title='bbox 1303 4882 1429 4938; x_wconf 92' lang='lat' dir='ltr'>XXXIX.</span> <span class='ocrx_word' id='word_1_324' title='bbox 1456 4883 1496 4938; x_wconf 91' lang='lat' dir='ltr'>De</span> <span class='ocrx_word' id='word_1_325' title='bbox 1515 4883 1640 4938; x_wconf 85' lang='lat' dir='ltr'>terminis</span> <span class='ocrx_word' id='word_1_326' title='bbox 1658 4885 1837 4954; x_wconf 80' lang='lat' dir='ltr'>transgressis</span> <span class='ocrx_word' id='word_1_327' title='bbox 1856 4888 1885 4940; x_wconf 85' lang='lat' dir='ltr'>et</span> <span class='ocrx_word' id='word_1_328' title='bbox 1902 4884 2015 4940; x_wconf 85' lang='lat' dir='ltr'>evulsis.</span> 
     </span>
     <span class='ocr_line' id='line_1_49' title="bbox 1374 4969 2081 5041; baseline 0.01 -19"><span class='ocrx_word' id='word_1_329' title='bbox 1374 4969 1429 5023; x_wconf 90' lang='lat' dir='ltr'>XL.</span> <span class='ocrx_word' id='word_1_330' title='bbox 1456 4969 1522 5023; x_wconf 87' lang='lat' dir='ltr'>Sine</span> <span class='ocrx_word' id='word_1_331' title='bbox 1540 4987 1623 5024; x_wconf 86' lang='lat' dir='ltr'>ceusu</span> <span class='ocrx_word' id='word_1_332' title='bbox 1637 4970 1681 5024; x_wconf 89' lang='lat' dir='ltr'>vel</span> <span class='ocrx_word' id='word_1_333' title='bbox 1700 4970 1814 5040; x_wconf 89' lang='lat' dir='ltr'>reliquis</span> <span class='ocrx_word' id='word_1_334' title='bbox 1832 4988 1987 5041; x_wconf 80' lang='lat' dir='ltr'>conparare</span> <span class='ocrx_word' id='word_1_335' title='bbox 2005 4973 2081 5029; x_wconf 90' lang='lat' dir='ltr'>nihil</span> 
     </span>
     <span class='ocr_line' id='line_1_50' title="bbox 1248 5012 2082 5128; baseline 0.01 -20"><span class='ocrx_word' id='word_1_336' title='bbox 1248 5012 1250 5128; x_wconf 75' lang='lat' dir='ltr'>i</span> <span class='ocrx_word' id='word_1_337' title='bbox 1492 5074 1580 5125; x_wconf 86' lang='lat' dir='ltr'>posse.</span> <span class='ocrx_word' id='word_1_338' title='bbox 1610 5057 1665 5122; x_wconf 63' lang='grc' dir='ltr'>ΟΒ.</span> <span class='ocrx_word' id='word_1_339' title='bbox 1688 5056 1751 5111; x_wconf 79' lang='lat' dir='ltr'>Ood.</span> <span class='ocrx_word' id='word_1_340' title='bbox 1774 5057 1872 5111; x_wconf 66' lang='lat' dir='ltr'>abac.</span> <span class='ocrx_word' id='word_1_341' title='bbox 1893 5058 1947 5125; x_wconf 87' lang='lat' dir='ltr'>XI,</span> <span class='ocrx_word' id='word_1_342' title='bbox 1960 5061 1986 5126; x_wconf 88' lang='lat'>3,</span> <span class='ocrx_word' id='word_1_343' title='bbox 2005 5061 2082 5117; x_wconf 81' lang='lat' dir='ltr'>rubr.</span> 
     </span>
     <span class='ocr_line' id='line_1_51' title="bbox 1247 5133 2082 5213; baseline 0.001 -12"><span class='ocrx_word' id='word_1_344' title='bbox 1247 5133 1250 5201; x_wconf 83' lang='lat' dir='ltr'>I</span> <span class='ocrx_word' id='word_1_345' title='bbox 1357 5141 1427 5197; x_wconf 75' lang='lat' dir='ltr'>xus.</span> <span class='ocrx_word' id='word_1_346' title='bbox 1454 5142 1495 5197; x_wconf 75' lang='lat' dir='ltr'>oe</span> <span class='ocrx_word' id='word_1_347' title='bbox 1517 5142 1576 5198; x_wconf 76' lang='lat' dir='ltr'>rure</span> <span class='ocrx_word' id='word_1_348' title='bbox 1600 5143 1774 5213; x_wconf 76' lang='lat' dir='ltr'>postliminii.</span> <span class='ocrx_word' id='word_1_349' title='bbox 1813 5143 1868 5211; x_wconf 76' lang='lat' dir='ltr'>orr.</span> <span class='ocrx_word' id='word_1_350' title='bbox 1895 5144 1958 5201; x_wconf 80' lang='lat' dir='ltr'>ooo.</span> <span class='ocrx_word' id='word_1_351' title='bbox 1983 5147 2082 5202; x_wconf 65' lang='lat' dir='ltr'>rum.</span> 
     </span>
     <span class='ocr_line' id='line_1_52' title="bbox 1497 5228 1652 5297; baseline 0.013 -15"><span class='ocrx_word' id='word_1_352' title='bbox 1497 5228 1563 5297; x_wconf 58' lang='grc' dir='ltr'>ἢὸ,</span> <span class='ocrx_word' id='word_1_353' title='bbox 1579 5229 1652 5284; x_wconf 80' lang='lat' dir='ltr'>rubr.</span> 
     </span>
     <span class='ocr_line' id='line_1_53' title="bbox 1247 5278 2081 5386; baseline 0.008 -19"><span class='ocrx_word' id='word_1_354' title='bbox 1247 5278 1250 5385; x_wconf 69' lang='lat' dir='ltr'>I</span> <span class='ocrx_word' id='word_1_355' title='bbox 1347 5313 1431 5370; x_wconf 78' lang='lat' dir='ltr'>uun.</span> <span class='ocrx_word' id='word_1_356' title='bbox 1459 5314 1502 5370; x_wconf 72' lang='lat' dir='ltr'>ne</span> <span class='ocrx_word' id='word_1_357' title='bbox 1520 5316 1549 5369; x_wconf 77' lang='lat' dir='ltr'>n</span> <span class='ocrx_word' id='word_1_358' title='bbox 1567 5314 1913 5384; x_wconf 53' lang='lat' dir='ltr'>succlamationes.</span> <span class='ocrx_word' id='word_1_359' title='bbox 1940 5318 1997 5386; x_wconf 67' lang='lat' dir='ltr'>cfr.</span> <span class='ocrx_word' id='word_1_360' title='bbox 2013 5321 2081 5374; x_wconf 75' lang='lat' dir='ltr'>cos.</span> 
     </span>
     <span class='ocr_line' id='line_1_54' title="bbox 1248 5389 1780 5469; baseline 0.006 -14"><span class='ocrx_word' id='word_1_361' title='bbox 1248 5389 1250 5415; x_wconf 84' lang='lat'><strong>¹</strong></span> <span class='ocrx_word' id='word_1_362' title='bbox 1497 5401 1589 5456; x_wconf 70' lang='lat' dir='ltr'>neoc.</span> <span class='ocrx_word' id='word_1_363' title='bbox 1608 5402 1649 5468; x_wconf 80' lang='grc' dir='ltr'>Π,</span> <span class='ocrx_word' id='word_1_364' title='bbox 1663 5403 1688 5469; x_wconf 79' lang='lat' dir='ltr'>a,</span> <span class='ocrx_word' id='word_1_365' title='bbox 1706 5403 1780 5459; x_wconf 60' lang='lat' dir='ltr'>asor.</span> 
     </span>
     <span class='ocr_line' id='line_1_55' title="bbox 423 5477 2082 5558; baseline 0.008 -23"><span class='ocrx_word' id='word_1_366' title='bbox 423 5480 835 5548; x_wconf 74' lang='lat' dir='ltr'>Cfr.1nb.oonat.tit22.55.</span> <span class='ocrx_word' id='word_1_367' title='bbox 1248 5477 1250 5494; x_wconf 85' lang='lat'>&#39;</span> <span class='ocrx_word' id='word_1_368' title='bbox 1334 5487 1431 5543; x_wconf 92' lang='lat' dir='ltr'>XLIII.</span> <span class='ocrx_word' id='word_1_369' title='bbox 1459 5487 1498 5542; x_wconf 88' lang='lat' dir='ltr'>Ut</span> <span class='ocrx_word' id='word_1_370' title='bbox 1516 5505 1597 5544; x_wconf 84' lang='lat' dir='ltr'>uerno</span> <span class='ocrx_word' id='word_1_371' title='bbox 1622 5488 1813 5558; x_wconf 86' lang='lat' dir='ltr'>potentiorum</span> <span class='ocrx_word' id='word_1_372' title='bbox 1837 5491 1952 5546; x_wconf 89' lang='lat' dir='ltr'>nomina</span> <span class='ocrx_word' id='word_1_373' title='bbox 1975 5493 2005 5546; x_wconf 92' lang='lat' dir='ltr'>in</span> <span class='ocrx_word' id='word_1_374' title='bbox 2028 5493 2082 5548; x_wconf 90' lang='lat' dir='ltr'>lite</span> 
     </span>
     <span class='ocr_line' id='line_1_56' title="bbox 1492 5574 2081 5647; baseline 0.012 -20"><span class='ocrx_word' id='word_1_375' title='bbox 1492 5575 1661 5643; x_wconf 81' lang='lat' dir='ltr'>praetendat</span> <span class='ocrx_word' id='word_1_376' title='bbox 1682 5578 1732 5629; x_wconf 85' lang='lat' dir='ltr'>aut</span> <span class='ocrx_word' id='word_1_377' title='bbox 1756 5574 1853 5630; x_wconf 92' lang='lat' dir='ltr'>titulos</span> <span class='ocrx_word' id='word_1_378' title='bbox 1879 5578 2003 5647; x_wconf 83' lang='lat' dir='ltr'>praediis</span> <span class='ocrx_word' id='word_1_379' title='bbox 2022 5580 2081 5634; x_wconf 89' lang='lat' dir='ltr'>suis</span> 
     </span>
     <span class='ocr_line' id='line_1_57' title="bbox 1248 5660 2078 5738; baseline 0.013 -27"><span class='ocrx_word' id='word_1_380' title='bbox 1248 5729 1249 5738; x_wconf 9' lang='grc' dir='ltr'>ἵ</span> <span class='ocrx_word' id='word_1_381' title='bbox 1492 5661 1605 5731; x_wconf 85' lang='lat' dir='ltr'>adfigat.</span> <span class='ocrx_word' id='word_1_382' title='bbox 1630 5660 1685 5729; x_wconf 73' lang='lat' dir='ltr'>Usu.</span> <span class='ocrx_word' id='word_1_383' title='bbox 1700 5662 1761 5718; x_wconf 65' lang='lat' dir='ltr'>(bd</span> <span class='ocrx_word' id='word_1_384' title='bbox 1778 5664 1873 5719; x_wconf 73' lang='lat' dir='ltr'>Theoti.</span> <span class='ocrx_word' id='word_1_385' title='bbox 1890 5665 1932 5733; x_wconf 89' lang='grc' dir='ltr'>Π,</span> <span class='ocrx_word' id='word_1_386' title='bbox 1944 5667 1985 5732; x_wconf 81' lang='lat'>14,</span> <span class='ocrx_word' id='word_1_387' title='bbox 2003 5666 2078 5721; x_wconf 71' lang='lat' dir='ltr'>mbr.</span> 
     </span>
     <span class='ocr_line' id='line_1_58' title="bbox 1248 5743 2077 5821; baseline 0.013 -25"><span class='ocrx_word' id='word_1_388' title='bbox 1248 5743 1250 5803; x_wconf 73' lang='lat' dir='ltr'>i</span> <span class='ocrx_word' id='word_1_389' title='bbox 1316 5743 1412 5798; x_wconf 91' lang='lat' dir='ltr'>XLIV.</span> <span class='ocrx_word' id='word_1_390' title='bbox 1440 5747 1479 5800; x_wconf 88' lang='lat' dir='ltr'>De</span> <span class='ocrx_word' id='word_1_391' title='bbox 1504 5747 1614 5802; x_wconf 87' lang='lat' dir='ltr'>liberali</span> <span class='ocrx_word' id='word_1_392' title='bbox 1636 5765 1720 5803; x_wconf 84' lang='lat' dir='ltr'>causa</span> <span class='ocrx_word' id='word_1_393' title='bbox 1743 5750 1788 5806; x_wconf 85' lang='lat' dir='ltr'>vel</span> <span class='ocrx_word' id='word_1_394' title='bbox 1817 5751 1851 5806; x_wconf 88' lang='lat' dir='ltr'>de</span> <span class='ocrx_word' id='word_1_395' title='bbox 1874 5751 1967 5821; x_wconf 90' lang='lat' dir='ltr'>operis</span> <span class='ocrx_word' id='word_1_396' title='bbox 1994 5752 2077 5807; x_wconf 87' lang='lat' dir='ltr'>Iiber-</span> 
     </span>
     <span class='ocr_line' id='line_1_59' title="bbox 1248 5833 2078 5907; baseline 0.006 -19"><span class='ocrx_word' id='word_1_397' title='bbox 1248 5834 1250 5902; x_wconf 72' lang='grc' dir='ltr'>ξ</span> <span class='ocrx_word' id='word_1_398' title='bbox 1495 5837 1596 5890; x_wconf 88' lang='lat' dir='ltr'>torum.</span> <span class='ocrx_word' id='word_1_399' title='bbox 1622 5833 1679 5902; x_wconf 77' lang='lat' dir='ltr'>Osr.</span> <span class='ocrx_word' id='word_1_400' title='bbox 1698 5835 1760 5891; x_wconf 77' lang='lat' dir='ltr'>Cori.</span> <span class='ocrx_word' id='word_1_401' title='bbox 1777 5836 1872 5890; x_wconf 71' lang='lat' dir='ltr'>lawa.</span> <span class='ocrx_word' id='word_1_402' title='bbox 1883 5837 1971 5906; x_wconf 67' lang='lat'>1138,</span> <span class='ocrx_word' id='word_1_403' title='bbox 1988 5839 2078 5907; x_wconf 82' lang='lat' dir='ltr'>rubr.;</span> 
     </span>
     <span class='ocr_line' id='line_1_60' title="bbox 1247 5906 1886 5992; baseline -0.002 -14"><span class='ocrx_word' id='word_1_404' title='bbox 1247 5906 1251 5978; x_wconf 88' lang='lat' dir='ltr'>I</span> <span class='ocrx_word' id='word_1_405' title='bbox 1496 5922 1558 5976; x_wconf 79' lang='lat' dir='ltr'>oua.</span> <span class='ocrx_word' id='word_1_406' title='bbox 1580 5921 1692 5992; x_wconf 64' lang='lat' dir='ltr'>crepo.</span> <span class='ocrx_word' id='word_1_407' title='bbox 1709 5922 1758 5990; x_wconf 82' lang='lat' dir='ltr'>rr,</span> <span class='ocrx_word' id='word_1_408' title='bbox 1769 5926 1794 5992; x_wconf 86' lang='lat' dir='ltr'>s,</span> <span class='ocrx_word' id='word_1_409' title='bbox 1812 5923 1886 5978; x_wconf 69' lang='lat' dir='ltr'>raa.</span> 
     </span>
    </p>
   </div>
   <div class='ocr_carea' id='block_1_3' title="bbox 0 0 2220 6644">
    <p class='ocr_par' dir='ltr' id='par_1_3' title="bbox 0 0 2220 6644">
     <span class='ocr_line' id='line_1_61' title="bbox 0 0 2220 6644; baseline 0 0"><span class='ocrx_word' id='word_1_410' title='bbox 0 0 2220 6644; x_wconf 95' lang='lat' dir='ltr'> </span> 
     </span>
    </p>
   </div>
  </div>
 </body>
</html>
