4492 6638
453 535 490 595 12
910 529 1025 585 LEGES
1044 528 1352 586 BURGUNDIONUM.
1373 559 1403 567 -
1424 526 1641 583 PRAEFATIO.

448 703 659 785 Sipismumto,
676 709 705 766 et
720 704 785 767 iam
802 709 897 766 antea
914 723 935 766 a
947 703 1150 784 ‘parentibus’
1166 703 1358 768 Grrndcbadi
1376 708 1422 764 ‘ut
1438 703 1521 766 inter·
1536 703 1696 768 Ronmnos
1713 703 1868 768 Ronmnis
1883 703 2000 787 lepibrrs
2015 704 2103 768 iudi-

446 807 582 871 coretur’
610 812 766 870 statutum
794 812 863 871 erat
890 809 959 890 (pr.
982 813 1078 872 corni.
1104 807 1180 890 §8;
1215 807 1274 887 etr.
1295 804 1398 870 Gonst.
1421 811 1539 870 entrac.
1555 809 1627 884 20),
1658 807 1714 871 sed
1734 807 1830 870 etiarn
1853 828 1891 870 ce
1916 808 1983 888 ipsc
2005 829 2104 890 orpu-

447 916 548 974 mento
570 910 645 992 lepis
668 910 832 976 Roummrc
858 910 1063 993 intellipitur,·
1096 911 1153 991 cfr.
1177 910 1286 974 cerba:
1323 909 1508 987 sciendum,
1533 918 1676 982 constat,
1705 910 1753 973 cel
1773 932 1886 974 omnes
1910 920 2101 995 agnoscant,

447 1015 632 1080 custodiant
654 1015 853 1094 iudicantes,
881 1015 1151 1100 comprehensum
1176 1021 1226 1080 est
1249 1013 1326 1100 quid
1350 1012 1474 1077 iudices
1498 1013 1638 1080 debeant
1661 1014 1852 1094 observare,
1883 1012 1930 1077 cel
1951 1014 2102 1079 dominus

445 1126 557 1184 noster
587 1120 701 1183 statuit
730 1119 922 1199 observare,
963 1118 1005 1183 ad
1035 1120 1300 1205 praeceptionem
1328 1117 1449 1182 domini
1478 1119 1579 1201 regis,
1621 1139 1663 1181 ex
1692 1125 1870 1203 praecepto
1903 1118 1989 1202 regis
2021 1139 2098 1204 con·
2131 1144 2143 1180 e

445 1223 534 1287 venit
557 1224 733 1287 observari.
778 1223 811 1286 A
833 1223 948 1303 quibus
970 1221 1045 1305 lepis
1066 1222 1168 1286 uerbis
1189 1227 1218 1284 et
1239 1220 1398 1285 uocabulis
1419 1241 1456 1284 ea
1478 1221 1603 1285 diuersa
1624 1225 1713 1298 surrt,
1743 1241 1825 1301 pirae
1849 1221 1882 1284 in
1903 1222 2100 1284 constitutio·

442 1327 537 1390 nilnrs
560 1326 725 1409 lepuntur:
757 1326 922 1404 iubemus,
945 1326 1177 1412 praecipimus,
1201 1324 1419 1402 decernimus,
1444 1325 1591 1389 volumus
1619 1323 1784 1402 custodiri,
1808 1325 1997 1403 adiecimus,
2022 1347 2098 1390 sen·

443 1431 579 1495 tentiam
606 1429 756 1512 diximus.
801 1430 843 1493 In
870 1449 904 1493 eo
932 1429 1032 1510 ipitur
1059 1431 1143 1492 inter
1170 1449 1202 1492 se
1224 1428 1387 1508 differunt,
1416 1430 1500 1509 quod
1529 1430 1566 1494 in
1592 1428 1654 1510 lap
1676 1429 1824 1493 Romana
1850 1451 1907 1493 ren
1932 1449 2100 1510 nunquam

442 1533 615 1614 loquentem
635 1555 668 1596 se
691 1527 842 1598 indumt¹.

553 1647 745 1726 Comparate
768 1643 834 1726 lepc'
852 1645 1000 1710 chrana
1022 1666 1094 1708 cum
1117 1647 1376 1710 constitutionum
1399 1645 1478 1709 libro
1499 1650 1641 1727 apnmret,
1664 1666 1760 1725 qrunn
1783 1647 1934 1709 rationem
1956 1645 2098 1710 domines
2118 1671 2144 1709 n

444 1748 506 1826 illi,
527 1750 711 1814 nominibus
736 1769 801 1812 non
827 1749 909 1826 noti,
939 1750 995 1828 qui
1028 1747 1121 1830 lepem
1144 1748 1323 1813 Romanam
1345 1747 1652 1830 corrplutiuacerunt,
1676 1750 1711 1812 in
1733 1749 1940 1830 componendo
1962 1749 2098 1830 inpressi

442 1853 517 1917 sint.
563 1853 672 1919 Secutr'
704 1859 794 1929 sunt,
828 1853 864 1916 id
896 1852 980 1934 quod
1012 1851 1155 1916 dubitari
1187 1873 1251 1916 non
1274 1857 1394 1932 potest,
1430 1857 1548 1916 certum
1581 1852 1738 1932 quoddam
1771 1853 1853 1934 repis
1878 1858 2094 1932 pracceptum.

445 1955 593 2021 oratum
617 1956 782 2021 titulorum
804 1955 879 2020 libri
894 1956 1165 2032 cmntitutionum,
1188 1955 1293 2036 qumis
1302 1956 1447 2038 pristina
1461 1956 1565 2037 formo
1579 1961 1662 2032 erat,
1685 1962 1844 2020 seruantes
1858 1955 2002 2038 sinpubts
2017 1955 2096 2039 lepos

440 2081 478 2122 ea
507 2060 592 2123 iuris
616 2059 755 2124 Romani
780 2059 922 2139 sontibus
935 2059 1083 2122 'baustas
1112 2080 1151 2122 ac
1177 2059 1339 2139 quaentas
1367 2080 1439 2122 nrm
1459 2058 1596 2142 sinpulis
1621 2058 1725 2122 titulis
1746 2061 1993 2138 corriunnerunt,
2016 2081 2096 2143 quos

440 2169 643 2227 serraverunt
664 2163 711 2228 cel
725 2163 877 2244 paullum
899 2163 935 2226 in
957 2183 1046 2242 apere
1068 2162 1107 2224 ab
1129 2162 1209 2246 ipsis
1229 2161 1355 2225 reducto
1378 2167 1588 2226 niutacerunt.
2113 2191 2137 2228 n
2161 2237 2164 2244 ¹

551 2275 641 2358 Quod
662 2281 767 2340 autern
789 2296 853 2340 non
875 2296 947 2339 cum
969 2275 1112 2338 omnibus
1135 2271 1240 2337 titulis
1261 2272 1335 2338 libri
1357 2274 1624 2352 constitutionum,
1650 2274 1757 2355 qualis
1778 2275 1918 2338 traditus
1939 2281 1992 2352 est,
2016 2275 2095 2357 loyes

439 2381 524 2444 iuris
545 2381 699 2458 Romani,
728 2401 810 2462 perae
831 2381 956 2461 quidem
979 2400 1050 2444 cum
1072 2379 1114 2442 iis
1135 2382 1356 2460 concinerent,
1385 2379 1632 2456 coniunxerunt,
1662 2379 1758 2442 etiam
1780 2378 1871 2443 bodie
1892 2384 1997 2458 potest
2018 2379 2092 2456 dici,

438 2504 503 2564 qua
525 2506 560 2548 re
581 2485 617 2548 id
638 2484 758 2564 factum
786 2485 839 2551 sit.
883 2484 970 2548 Nam
997 2483 1027 2547 si
1053 2503 1118 2564 qua
1146 2481 1328 2546 constitutio
1350 2480 1431 2561 forte
1459 2483 1554 2545 etiam
1582 2483 1626 2546 ad
1649 2482 1808 2547 Romanos
1829 2482 2016 2562 pertinebat,
2046 2482 2094 2545 ecl

438 2588 469 2649 si
491 2587 541 2651 len
563 2609 645 2669 quae
667 2593 848 2670 cmrpmreret
869 2589 905 2652 in
925 2587 1067 2667 teretibus
1088 2586 1173 2649 iuris
1195 2585 1335 2649 Romani
1364 2585 1491 2649 crnnino
1515 2586 1650 2650 inueniri
1671 2607 1736 2651 non
1751 2587 1874 2667 potuit,
1904 2586 1956 2650 bic
1978 2585 2093 2650 titrrlus

436 2711 500 2754 non
521 2691 741 2771 recipiebatur.
783 2691 867 2773 eros
888 2689 998 2755 titulos
1019 2689 1094 2753 libri
1115 2689 1376 2752 constitutionum
1397 2687 1501 2767 forum
1520 2691 1661 2769 penuina
1684 2711 1748 2755 non
1762 2691 1881 2767 habirit,
1904 2691 2018 2754 eisdun
2040 2689 2091 2754 lec
2109 2719 2135 2758 n

437 2793 595 2872 Romana,
608 2799 645 2858 ut
662 2816 713 2859 res
722 2794 793 2874 tert,
813 2800 908 2872 caret,
924 2815 996 2858 cum
1010 2794 1067 2875 qui
1087 2791 1180 2875 lepem
1196 2791 1375 2856 Runauam
1390 2793 1426 2855 in
1441 2793 1581 2857 ordinem
1597 2794 1793 2876 redepcrunt,
1808 2793 1882 2858 libri
1894 2796 2090 2860 constitutio·

438 2918 517 2961 uum
534 2899 639 2979 fornia
652 2900 763 2979 priore
785 2900 839 2963 usi
858 2900 933 2964 sint.
969 2897 1093 2962 Deinde
1112 2917 1350 2977 nonnunquam,
1366 2919 1447 2978 puae
1462 2898 1497 2960 in
1514 2897 1593 2962 libro
1607 2899 1866 2962 constitutionum
1879 2897 2091 2981 compluribus

435 3001 540 3066 titulis
555 3004 804 3080 continebuntur,
814 3007 851 3068 in
861 3025 963 3068 unum
974 3002 1103 3066 titulum
1118 3006 1279 3066 contracta
1294 3007 1379 3065 srrnl.
1400 3000 1583 3066 Nonnullae
1597 3001 1730 3082 denique
1739 3000 1826 3083 lepos,
1838 3023 1977 3082 quorum
1990 3023 2091 3068 eccem-

427 3105 488 3185 pla
509 3108 543 3171 in
565 3106 642 3172 libro
663 3107 921 3172 constitutionum
940 3127 1006 3171 non
1021 3106 1195 3182 exstabunt,
1219 3111 1332 3182 tamen,
1356 3106 1440 3187 quod
1458 3127 1511 3169 eas
1528 3106 1668 3186 quadam
1688 3107 1725 3170 de
1744 3127 1844 3171 causa
1862 3105 1912 3170 illi
1929 3108 2090 3187 promeres

429 3211 593 3289 putabant
620 3233 699 3288 esse,
732 3212 833 3275 uariis
862 3209 967 3275 titulis
994 3210 1080 3292 operi
1107 3214 1242 3274 extremo
1269 3209 1503 3286 adiunxerant,
1536 3231 1670 3291 pirorum
1693 3209 1857 3274 titulorum
1883 3210 2030 3275 rubricas
2051 3231 2090 3276 cn
2108 3238 2134 3277 n

433 3313 578 3393 tontibus
601 3313 756 3378 Romanis
777 3320 989 3396 sumpserunt.
1026 3315 1098 3396 Qua
1118 3335 1153 3376 re
1175 3314 1416 3391 demonstratur,
1438 3334 1503 3377 non
1518 3300 1713 3390 esse'titubrs,
1735 3314 1793 3394 orei
1812 3315 1848 3377 in
1859 3315 1970 3394 peiore
1983 3314 2088 3394 torma

435 3415 510 3480 libri
531 3420 791 3484 corstitutionum
813 3417 863 3482 illi
884 3419 1010 3500 quidem
1030 3417 1161 3497 tuerint,
1183 3416 1238 3481 sed
1253 3421 1365 3497 postca
1387 3438 1425 3480 ea
1447 3437 1481 3480 co
1502 3418 1613 3481 remoti
1634 3418 1708 3482 sint.

544 3529 629 3594 Sunt
644 3529 703 3594 loci
718 3529 793 3613 lepis
807 3529 980 3606 Rmnonae,
1000 3530 1057 3610 qui
1070 3528 1162 3592 uerba
1178 3532 1208 3592 cl
1221 3531 1357 3608 taeniam
1371 3527 1472 3609 repen
1486 3530 1722 3610 conpruentium
1740 3529 1817 3594 libri·
1828 3531 2087 3596 emistitrrtionum

431 3637 615 3712 sequantur,
639 3634 696 3715 cfr.
719 3635 766 3697 tit.
783 3636 831 3698 12.
870 3631 1019 3697 Plurima
1033 3637 1140 3696 auum
1154 3635 1277 3695 statuta
1293 3631 1367 3713 lepis
1382 3653 1421 3695 en
1437 3633 1515 3712 ipsis
1528 3633 1670 3714 fontibus
1689 3633 1773 3696 iuris
1788 3632 1927 3698 Rotnani
1941 3641 2084 3700 nronnut.

429 3736 529 3800 Sanni
551 3743 645 3819 utque
667 3739 791 3814 iterum,
819 3737 876 3817 qui
898 3735 991 3818 lepem
1015 3735 1194 3799 Romanam
1216 3735 1478 3818 eanntpseranr,
1501 3738 1748 3814 accuratissime,
1770 3759 1832 3818 quo
1854 3759 1893 3801 en
1915 3737 1978 3802 loco
2000 3740 2085 3803 iuris
2100 3766 2129 3804 so

430 3841 571 3904 Ronmni
585 3839 759 3917 bauserint,
774 3841 903 3921 santius
917 3838 1126 3922 neplepentius
1140 3835 1320 3916 memorant,
1343 3859 1572 3920 nonnunquam
1594 3842 1720 3905 omn-ino
1735 3842 1884 3905 omittunt
1897 3843 2082 3911 adscribere.

428 3943 548 4008 Fontes
563 3949 678 4022 autem,
693 3945 822 4025 quasin
838 3943 1048 4025 cornponenda
1064 3942 1125 4024 lepe
1137 3942 1285 4007 Romana
1301 3943 1568 4020 consectabantur,
1583 3951 1674 4007 sunt:
1709 3943 1813 4009 (lemn
1835 3945 2083 4026 Tbcodcsianus,

429 4047 576 4112 Nooelbae
597 4053 671 4131 post
693 4048 828 4112 codicem
860 4047 1117 4112 Tbeodosionum
1143 4047 1291 4110 ernissum
1310 4047 1425 4124 editae,
1455 4068 1592 4127 qrrarurn
1619 4049 1834 4114 recentissima
1856 4049 1976 4114 nocella
1997 4073 2082 4117 anno

428 4155 501 4219 465.
525 4153 589 4232 (tit.
607 4153 672 4230 46),
699 4151 803 4217 Codes
828 4149 1059 4233 Greporiauus,
1088 4147 1191 4214 Oodea
1213 4149 1501 4231 Hermcpenianus,
1525 4151 1705 4216 Sententiae
1726 4158 1866 4234 receptae
1889 4154 2001 4232 Pauli,
2025 4157 2081 4220 In·

425 4255 606 4318 stitutiones
631 4256 712 4332 Gai,
744 4257 870 4335 (contra
890 4274 955 4318 non
978 4253 1174 4335 Repularum
1196 4251 1271 4317 libri
1296 4254 1375 4331 Gai,
1408 4259 1445 4317 ut
1468 4255 1625 4336 imprimis
1647 4256 1785 4320 Blubmc
1807 4262 1836 4320 ct
1862 4257 1984 4338 Tardis
1998 4259 2080 4340 falsa
2099 4287 2123 4324 :n

418 4361 551 4437 putant.
598 4357 674 4422 Vide
700 4357 791 4438 infra
813 4362 876 4423 nat.
900 4357 944 4421 ad
965 4357 1003 4420 L.
1027 4357 1118 4422 Rom.
1143 4357 1190 4420 tit.
1215 4362 1244 4420 5.
1265 4360 1313 4421 10.
1334 4359 1396 4433 12).
1443 4356 1504 4422 Sed
1525 4358 1582 4421 boc
1604 4381 1660 4424 nos
1682 4361 1930 4426 aniuurdoertere
1953 4369 2079 4443 oportet,

427 4459 496 4524 illas
519 4462 554 4525 in
576 4462 794 4526 corrscribendo
817 4482 882 4526 non
903 4460 1004 4525 solum
1025 4461 1106 4542 ipsis
1127 4461 1228 4526 uerbis
1250 4460 1359 4543 lepum,
1374 4484 1412 4526 en·
1425 4462 1540 4543 quibus
1561 4463 1760 4542 baur-iebant,
1782 4466 1838 4530 sed
1857 4467 1951 4530 etiam
1973 4468 2079 4531 ‘inter-

419 4565 664 4643 pretationibus'
697 4586 780 4647 quae
806 4565 961 4629 dicuntia
991 4585 1067 4628 usos
1088 4585 1166 4641 esse,
1189 4570 1285 4645 atqrre
1311 4566 1439 4645 saepius
1466 4567 1626 4648 mupisque
1649 4570 1961 4649 interpretationibus
1982 4592 2079 4652 quam

422 4667 523 4731 ineis
550 4667 651 4750 lepum
681 4670 767 4749 ipsis.
813 4669 922 4750 Neque
946 4669 1013 4732 Gai
1040 4669 1166 4749 quidem
1193 4669 1410 4732 institutiones
1438 4671 1701 4736 verisimillimum
1727 4677 1772 4737 est
1800 4680 1975 4755 uurrpatas
2003 4696 2077 4754 esse,

423 4772 489 4834 nisi
510 4771 600 4836 valde
622 4773 658 4836 in
680 4779 851 4854 anprntum
872 4778 1012 4849 coactas,
1042 4793 1106 4851 non
1128 4772 1274 4836 similiter
1291 4775 1476 4855 periteque
1497 4779 1591 4854 atque
1612 4797 1674 4852 cas,
1702 4777 1816 4856 quibus
1838 4783 1981 4842 auctores
2002 4778 2078 4860 lepis
2095 4805 2121 4842 n

425 4874 589 4940 Romanae
613 4875 844 4958 Visipotborum
867 4877 919 4940 usi
942 4881 1026 4940 sunt.

532 4989 600 5052 Iex
624 5009 816 5071 quamquam
843 4990 897 5052 ius
921 4987 1101 5052 namnam
1128 4988 1284 5070 intepmrm
1311 4988 1376 5068 fere
1402 4989 1530 5053 reddere
1556 4988 1639 5066 solet,
1669 4995 1775 5055 tarnen
1796 4992 1885 5056 baud
1901 4995 2019 5073 paucis
2041 4996 2077 5059 in

420 5091 513 5156 rebus
535 5093 574 5155 ab
597 5114 630 5156 eo
653 5092 794 5156 discedit.
829 5085 891 5156 Sed
911 5112 977 5156 non
998 5097 1052 5168 est,
1076 5090 1160 5172 quod
1181 5111 1239 5168 cos,
1263 5092 1320 5172 qui
1341 5091 1431 5155 illam
1453 5091 1706 5172 campilaaerunl,
1730 5095 1915 5160 nescientiae
1937 5097 2075 5177 fontium

420 5195 505 5258 iaris
521 5196 738 5261 Romanorum
761 5216 944 5278 arescamus.
985 5195 1026 5262 Ut
1048 5196 1132 5259 enim
1153 5195 1189 5258 in
1212 5193 1422 5258 describendis
1444 5195 1561 5278 lepibus
1582 5195 1692 5277 aliqua
1708 5199 1877 5262 inscientia
1892 5201 2073 5278 sententirn,

418 5319 499 5378 purte
527 5301 634 5380 primo
662 5298 721 5381 lepi
747 5300 866 5375 inerat,
898 5317 1127 5379 nonnunquam
1156 5298 1332 5378 irrepserit,
1368 5303 1472 5362 tannen
1497 5298 1681 5382 plerumque
1707 5301 1763 5366 bac
1790 5303 1994 5367 statuendum
2016 5309 2071 5381 est,
2090 5325 2115 5362 n

521 5505 546 5569 1)
569 5503 757 5572 Excipiendus
785 5511 821 5558 est
845 5505 887 5559 tit.
905 5505 947 5559 48.
973 5503 1029 5559 cod.
1047 5504 1099 5558 At
1126 5502 1201 5570 (Gad.
1222 5501 1364 5572 Ottoborr),
1391 5504 1438 5558 ubi
1467 5505 1572 5560 uerbum
1599 5513 1637 5562 est
1664 5507 1857 5577 pinscipimus.
1901 5509 1960 5562 Hoc
1985 5509 2074 5577 ipsum

415 5605 555 5660 certissimo
581 5607 684 5662 indicio
709 5614 747 5662 est
772 5608 843 5662 burn
869 5609 990 5676 titulum,
1017 5624 1071 5676 qno
1096 5607 1192 5676 reliqui
1214 5607 1289 5663 codd.
1312 5613 1334 5662 et
1358 5609 1388 5662 in
1410 5609 1536 5664 indicent
1559 5611 1855 5681 inconnumerati,
1883 5613 2074 5682 interpobitaru

414 5727 498 5778 neque
522 5711 585 5780 lepis
604 5710 742 5766 Rmnauae
767 5727 827 5766 arn.
867 5712 945 5765 Alias
969 5727 1068 5765 causas
1090 5711 1165 5764 lrarul
1190 5712 1230 5765 ito
1252 5717 1336 5766 certas
1353 5714 1469 5779 offerint
1492 5731 1514 5769 r.
1531 5715 1659 5784 Serrium,
1678 5717 1694 5770 l.
1707 5732 1729 5771 e.
1749 5717 1804 5779 11¹,
1826 5735 1853 5786 p.
1870 5717 1919 5784 3ος
1946 5717 2071 5782 Barbare,

413 5815 431 5871 1.
445 5830 466 5868 c.
481 5833 510 5884 p.
527 5817 584 5870 133.
