<?xml version="1.0" encoding="UTF-8"?>
<!DOCTYPE html PUBLIC "-//W3C//DTD XHTML 1.0 Transitional//EN"
    "http://www.w3.org/TR/xhtml1/DTD/xhtml1-transitional.dtd">
<html xmlns="http://www.w3.org/1999/xhtml" xml:lang="en" lang="en">
 <head>
  <title>
</title>
<meta http-equiv="Content-Type" content="text/html;charset=utf-8" />
  <meta name='ocr-system' content='tesseract 3.04.00' />
  <meta name='ocr-capabilities' content='ocr_page ocr_carea ocr_par ocr_line ocrx_word'/>
</head>
<body>
  <div class='ocr_page' id='page_1' title='image "./monumentagerman02mittgoog_0033.png"; bbox 0 0 4492 6638; ppageno 0'>
   <div class='ocr_carea' id='block_1_1' title="bbox 445 564 1630 634">
    <p class='ocr_par' dir='ltr' id='par_1_1' title="bbox 445 564 1630 634">
     <span class='ocr_line' id='line_1_1' title="bbox 445 564 1630 634; baseline -0.001 -13"><span class='ocrx_word' id='word_1_1' title='bbox 445 573 482 634; x_wconf 80' lang='grc'><em>18</em></span> <span class='ocrx_word' id='word_1_2' title='bbox 905 567 1016 622; x_wconf 79' lang='lat' dir='ltr'><strong>LEGES</strong></span> <span class='ocrx_word' id='word_1_3' title='bbox 1035 564 1345 621; x_wconf 78' lang='lat' dir='ltr'>BURGUNDIONUM.</span> <span class='ocrx_word' id='word_1_4' title='bbox 1364 595 1395 605; x_wconf 92' lang='lat'><em>—-</em></span> <span class='ocrx_word' id='word_1_5' title='bbox 1414 564 1630 620; x_wconf 78' lang='lat' dir='ltr'><strong>PRAEFATIO.</strong></span> 
     </span>
    </p>
   </div>
   <div class='ocr_carea' id='block_1_2' title="bbox 553 736 2096 822">
    <p class='ocr_par' dir='ltr' id='par_1_2' title="bbox 553 736 2096 822">
     <span class='ocr_line' id='line_1_2' title="bbox 553 736 2096 822; baseline -0.004 -14"><span class='ocrx_word' id='word_1_6' title='bbox 553 743 620 808; x_wconf 79' lang='lat'><em>03.</em></span> <span class='ocrx_word' id='word_1_7' title='bbox 669 742 796 808; x_wconf 85' lang='lat' dir='ltr'><em>Codices</em></span> <span class='ocrx_word' id='word_1_8' title='bbox 824 741 969 822; x_wconf 83' lang='lat' dir='ltr'><em>quidam,</em></span> <span class='ocrx_word' id='word_1_9' title='bbox 998 741 1055 822; x_wconf 81' lang='lat' dir='ltr'><em>qui</em></span> <span class='ocrx_word' id='word_1_10' title='bbox 1086 741 1167 805; x_wconf 86' lang='lat' dir='ltr'><em>iuter</em></span> <span class='ocrx_word' id='word_1_11' title='bbox 1188 740 1375 822; x_wconf 75' lang='lat' dir='ltr'><strong><em>appendices</em></strong></span> <span class='ocrx_word' id='word_1_12' title='bbox 1402 737 1590 803; x_wconf 67' lang='lat' dir='ltr'><em>subactionis</em></span> <span class='ocrx_word' id='word_1_13' title='bbox 1611 737 1842 819; x_wconf 76' lang='lat' dir='ltr'><em>Anscprsianae</em></span> <span class='ocrx_word' id='word_1_14' title='bbox 1864 736 2096 818; x_wconf 74' lang='lat' dir='ltr'><em>capitularium</em></span> 
     </span>
    </p>
   </div>
   <div class='ocr_carea' id='block_1_3' title="bbox 436 839 2143 3637">
    <p class='ocr_par' dir='ltr' id='par_1_3' title="bbox 439 839 2141 1544">
     <span class='ocr_line' id='line_1_3' title="bbox 442 839 2095 928; baseline -0.003 -18"><span class='ocrx_word' id='word_1_15' title='bbox 442 847 596 911; x_wconf 87' lang='lat' dir='ltr'><em>Ludooici</em></span> <span class='ocrx_word' id='word_1_16' title='bbox 624 852 653 910; x_wconf 90' lang='lat' dir='ltr'><em>ct</em></span> <span class='ocrx_word' id='word_1_17' title='bbox 680 844 828 910; x_wconf 84' lang='lat' dir='ltr'><em>Lotlrarii</em></span> <span class='ocrx_word' id='word_1_18' title='bbox 856 846 1081 928; x_wconf 71' lang='lat' dir='ltr'><em>inopinatorum</em></span> <span class='ocrx_word' id='word_1_19' title='bbox 1107 843 1217 924; x_wconf 78' lang='lat' dir='ltr'><em>bisque</em></span> <span class='ocrx_word' id='word_1_20' title='bbox 1243 841 1475 924; x_wconf 87' lang='lat' dir='ltr'><em>capitularibus</em></span> <span class='ocrx_word' id='word_1_21' title='bbox 1504 842 1658 906; x_wconf 85' lang='lat' dir='ltr'><em>insertam</em></span> <span class='ocrx_word' id='word_1_22' title='bbox 1686 839 1816 906; x_wconf 88' lang='lat' dir='ltr'><em>titulum</em></span> <span class='ocrx_word' id='word_1_23' title='bbox 1840 846 1889 906; x_wconf 84' lang='grc'><em>70.</em></span> <span class='ocrx_word' id='word_1_24' title='bbox 1920 842 1993 906; x_wconf 89' lang='lat' dir='ltr'><em>libri</em></span> <span class='ocrx_word' id='word_1_25' title='bbox 2021 863 2095 906; x_wconf 92' lang='lat' dir='ltr'><em>con·</em></span> 
     </span>
     <span class='ocr_line' id='line_1_4' title="bbox 440 943 2098 1030; baseline -0.002 -18"><span class='ocrx_word' id='word_1_26' title='bbox 440 951 642 1014; x_wconf 86' lang='lat' dir='ltr'><em>stitutionnm</em></span> <span class='ocrx_word' id='word_1_27' title='bbox 663 949 790 1026; x_wconf 87' lang='lat' dir='ltr'><em>babent,</em></span> <span class='ocrx_word' id='word_1_28' title='bbox 814 969 945 1030; x_wconf 77' lang='lat' dir='ltr'><em>cumane</em></span> <span class='ocrx_word' id='word_1_29' title='bbox 967 946 1096 1012; x_wconf 89' lang='lat' dir='ltr'><em>titulum</em></span> <span class='ocrx_word' id='word_1_30' title='bbox 1118 947 1249 1012; x_wconf 74' lang='lat' dir='ltr'><em>dirersis</em></span> <span class='ocrx_word' id='word_1_31' title='bbox 1271 945 1364 1023; x_wconf 59' lang='lat' dir='ltr'><em>breim</em></span> <span class='ocrx_word' id='word_1_32' title='bbox 1398 945 1456 1026; x_wconf 76' lang='lat' dir='ltr'><em>cfr.</em></span> <span class='ocrx_word' id='word_1_33' title='bbox 1479 943 1626 1023; x_wconf 86' lang='lat' dir='ltr'><em>Blnbme,</em></span> <span class='ocrx_word' id='word_1_34' title='bbox 1650 946 1718 1009; x_wconf 82' lang='lat' dir='ltr'><em>LL.</em></span> <span class='ocrx_word' id='word_1_35' title='bbox 1741 945 1809 1024; x_wconf 91' lang='lat' dir='ltr'><em>III,</em></span> <span class='ocrx_word' id='word_1_36' title='bbox 1825 968 1862 1026; x_wconf 88' lang='lat' dir='ltr'><em>p.</em></span> <span class='ocrx_word' id='word_1_37' title='bbox 1880 947 1952 1010; x_wconf 77' lang='lat'><strong>520.</strong></span> <span class='ocrx_word' id='word_1_38' title='bbox 1994 944 2098 1010; x_wconf 81' lang='grc'><strong>03533</strong></span> 
     </span>
     <span class='ocr_line' id='line_1_5' title="bbox 442 1047 2097 1134; baseline -0.003 -18"><span class='ocrx_word' id='word_1_39' title='bbox 442 1053 530 1117; x_wconf 80' lang='lat' dir='ltr'><em>tituli</em></span> <span class='ocrx_word' id='word_1_40' title='bbox 543 1055 593 1117; x_wconf 81' lang='grc'><em>70.</em></span> <span class='ocrx_word' id='word_1_41' title='bbox 603 1051 805 1134; x_wconf 80' lang='lat' dir='ltr'><em>parapraphi</em></span> <span class='ocrx_word' id='word_1_42' title='bbox 820 1053 849 1115; x_wconf 78' lang='lat'><em>2.</em></span> <span class='ocrx_word' id='word_1_43' title='bbox 863 1053 891 1116; x_wconf 87' lang='grc'><em>3.</em></span> <span class='ocrx_word' id='word_1_44' title='bbox 906 1055 935 1114; x_wconf 97' lang='grc'><strong>5.</strong></span> <span class='ocrx_word' id='word_1_45' title='bbox 952 1051 1047 1114; x_wconf 91' lang='lat' dir='ltr'><em>etiam</em></span> <span class='ocrx_word' id='word_1_46' title='bbox 1066 1050 1102 1114; x_wconf 81' lang='lat' dir='ltr'><em>ior</em></span> <span class='ocrx_word' id='word_1_47' title='bbox 1117 1049 1290 1130; x_wconf 72' lang='lat' dir='ltr'><em>Rea-inanis</em></span> <span class='ocrx_word' id='word_1_48' title='bbox 1305 1050 1428 1114; x_wconf 84' lang='lat' dir='ltr'><em>abbatis</em></span> <span class='ocrx_word' id='word_1_49' title='bbox 1444 1048 1644 1113; x_wconf 83' lang='lat' dir='ltr'><em>Prnrnimsis</em></span> <span class='ocrx_word' id='word_1_50' title='bbox 1663 1047 1778 1113; x_wconf 86' lang='lat' dir='ltr'><em>libram</em></span> <span class='ocrx_word' id='word_1_51' title='bbox 1793 1049 1822 1112; x_wconf 92' lang='lat' dir='ltr'><em>I.</em></span> <span class='ocrx_word' id='word_1_52' title='bbox 1838 1049 1875 1112; x_wconf 88' lang='lat' dir='ltr'><em>de</em></span> <span class='ocrx_word' id='word_1_53' title='bbox 1890 1047 2097 1132; x_wconf 62' lang='lat' dir='ltr'><em>mrmdalibns</em></span> 
     </span>
     <span class='ocr_line' id='line_1_6' title="bbox 441 1151 2141 1236; baseline -0.002 -18"><span class='ocrx_word' id='word_1_54' title='bbox 441 1157 548 1219; x_wconf 77' lang='lat' dir='ltr'><em>caruis</em></span> <span class='ocrx_word' id='word_1_55' title='bbox 562 1156 619 1221; x_wconf 89' lang='lat' dir='ltr'><em>sub</em></span> <span class='ocrx_word' id='word_1_56' title='bbox 635 1156 683 1220; x_wconf 85' lang='lat' dir='ltr'><em>tit.</em></span> <span class='ocrx_word' id='word_1_57' title='bbox 696 1158 747 1221; x_wconf 78' lang='lat'><em>20.</em></span> <span class='ocrx_word' id='word_1_58' title='bbox 761 1158 811 1219; x_wconf 77' lang='lat'><em>21.</em></span> <span class='ocrx_word' id='word_1_59' title='bbox 826 1159 966 1234; x_wconf 85' lang='lat' dir='ltr'><em>receptae</em></span> <span class='ocrx_word' id='word_1_60' title='bbox 980 1159 1065 1220; x_wconf 84' lang='lat' dir='ltr'><em>snut.</em></span> <span class='ocrx_word' id='word_1_61' title='bbox 1089 1151 1151 1219; x_wconf 80' lang='lat' dir='ltr'><em>Sea</em></span> <span class='ocrx_word' id='word_1_62' title='bbox 1166 1153 1217 1217; x_wconf 84' lang='lat' dir='ltr'><em>bic</em></span> <span class='ocrx_word' id='word_1_63' title='bbox 1232 1161 1281 1218; x_wconf 79' lang='lat' dir='ltr'><em>‘ea</em></span> <span class='ocrx_word' id='word_1_64' title='bbox 1293 1152 1534 1234; x_wconf 73' lang='lat' dir='ltr'><em>Capitulambus</em></span> <span class='ocrx_word' id='word_1_65' title='bbox 1544 1151 1699 1217; x_wconf 84' lang='lat' dir='ltr'><em>Lndorrici</em></span> <span class='ocrx_word' id='word_1_66' title='bbox 1713 1154 1921 1235; x_wconf 87' lang='lat' dir='ltr'><em>imperatoris,</em></span> <span class='ocrx_word' id='word_1_67' title='bbox 1937 1175 2006 1236; x_wconf 87' lang='lat' dir='ltr'><em>cap.</em></span> <span class='ocrx_word' id='word_1_68' title='bbox 2018 1151 2096 1218; x_wconf 88' lang='lat' dir='ltr'><strong><em>IX.&#39;</em></strong></span> <span class='ocrx_word' id='word_1_69' title='bbox 2128 1180 2141 1214; x_wconf 79' lang='lat' dir='ltr'><em>s</em></span> 
     </span>
     <span class='ocr_line' id='line_1_7' title="bbox 442 1255 2097 1341; baseline -0.002 -19"><span class='ocrx_word' id='word_1_70' title='bbox 442 1258 514 1324; x_wconf 86' lang='lat' dir='ltr'><em>illac</em></span> <span class='ocrx_word' id='word_1_71' title='bbox 529 1261 727 1341; x_wconf 84' lang='lat' dir='ltr'><em>‹lepronrptae</em></span> <span class='ocrx_word' id='word_1_72' title='bbox 747 1280 810 1324; x_wconf 84' lang='lat' dir='ltr'><em>esse</em></span> <span class='ocrx_word' id='word_1_73' title='bbox 826 1259 986 1322; x_wconf 89' lang='lat' dir='ltr'><em>dicuntur.</em></span> <span class='ocrx_word' id='word_1_74' title='bbox 1021 1256 1066 1320; x_wconf 86' lang='lat' dir='ltr'><em>Et</em></span> <span class='ocrx_word' id='word_1_75' title='bbox 1081 1258 1170 1338; x_wconf 87' lang='lat' dir='ltr'><em>apud</em></span> <span class='ocrx_word' id='word_1_76' title='bbox 1185 1257 1376 1339; x_wconf 69' lang='grc'><strong>1533533333</strong></span> <span class='ocrx_word' id='word_1_77' title='bbox 1395 1261 1424 1321; x_wconf 90' lang='grc'><em>35</em></span> <span class='ocrx_word' id='word_1_78' title='bbox 1444 1258 1480 1321; x_wconf 90' lang='lat' dir='ltr'><em>in</em></span> <span class='ocrx_word' id='word_1_79' title='bbox 1494 1255 1724 1321; x_wconf 74' lang='lat' dir='ltr'><em>collectionibus</em></span> <span class='ocrx_word' id='word_1_80' title='bbox 1737 1255 1967 1338; x_wconf 70' lang='lat' dir='ltr'><em>capitularium</em></span> <span class='ocrx_word' id='word_1_81' title='bbox 1981 1256 2097 1321; x_wconf 87' lang='lat' dir='ltr'><em>titulus</em></span> 
     </span>
     <span class='ocr_line' id='line_1_8' title="bbox 440 1359 2095 1447; baseline 0.001 -23"><span class='ocrx_word' id='word_1_82' title='bbox 440 1361 600 1426; x_wconf 76' lang='lat' dir='ltr'><em>rubricam</em></span> <span class='ocrx_word' id='word_1_83' title='bbox 621 1361 673 1426; x_wconf 85' lang='lat' dir='ltr'><em>De</em></span> <span class='ocrx_word' id='word_1_84' title='bbox 697 1361 907 1447; x_wconf 79' lang='lat' dir='ltr'><em>inscriptione</em></span> <span class='ocrx_word' id='word_1_85' title='bbox 931 1366 1113 1446; x_wconf 87' lang='lat' dir='ltr'><em>temporum</em></span> <span class='ocrx_word' id='word_1_86' title='bbox 1136 1359 1242 1438; x_wconf 84' lang='lat' dir='ltr'><em>babet,</em></span> <span class='ocrx_word' id='word_1_87' title='bbox 1277 1379 1358 1440; x_wconf 81' lang='lat' dir='ltr'><em>quae</em></span> <span class='ocrx_word' id='word_1_88' title='bbox 1379 1361 1475 1424; x_wconf 88' lang='lat' dir='ltr'><em>etiarn</em></span> <span class='ocrx_word' id='word_1_89' title='bbox 1506 1360 1541 1424; x_wconf 87' lang='lat' dir='ltr'><em>in</em></span> <span class='ocrx_word' id='word_1_90' title='bbox 1562 1359 1724 1425; x_wconf 88' lang='lat' dir='ltr'><em>nonnullis</em></span> <span class='ocrx_word' id='word_1_91' title='bbox 1746 1359 1905 1426; x_wconf 79' lang='lat' dir='ltr'><em>codicibus</em></span> <span class='ocrx_word' id='word_1_92' title='bbox 1927 1359 2001 1425; x_wconf 79' lang='lat' dir='ltr'><em>libri</em></span> <span class='ocrx_word' id='word_1_93' title='bbox 2022 1381 2095 1426; x_wconf 91' lang='lat' dir='ltr'><em>can-</em></span> 
     </span>
     <span class='ocr_line' id='line_1_9' title="bbox 439 1464 1006 1544; baseline -0.002 -16"><span class='ocrx_word' id='word_1_94' title='bbox 439 1465 650 1544; x_wconf 88' lang='lat' dir='ltr'><em>stitntionum,</em></span> <span class='ocrx_word' id='word_1_95' title='bbox 673 1471 710 1529; x_wconf 91' lang='lat' dir='ltr'><em>ut</em></span> <span class='ocrx_word' id='word_1_96' title='bbox 731 1464 765 1530; x_wconf 99' lang='grc' dir='ltr'><strong><em>Β</em></strong></span> <span class='ocrx_word' id='word_1_97' title='bbox 780 1468 872 1543; x_wconf 84' lang='grc'><strong>5-5,</strong></span> <span class='ocrx_word' id='word_1_98' title='bbox 895 1467 1006 1528; x_wconf 77' lang='lat' dir='ltr'><em>exstat.</em></span> 
     </span>
    </p>

    <p class='ocr_par' dir='ltr' id='par_1_4' title="bbox 439 1574 2140 1953">
     <span class='ocr_line' id='line_1_10' title="bbox 554 1574 2096 1655; baseline -0.001 -12"><span class='ocrx_word' id='word_1_99' title='bbox 554 1576 721 1644; x_wconf 73' lang='lat' dir='ltr'><em>Oodimbm</em></span> <span class='ocrx_word' id='word_1_100' title='bbox 747 1577 782 1640; x_wconf 89' lang='lat' dir='ltr'><em>in</em></span> <span class='ocrx_word' id='word_1_101' title='bbox 810 1576 925 1640; x_wconf 73' lang='lat' dir='ltr'><em>abesses</em></span> <span class='ocrx_word' id='word_1_102' title='bbox 946 1574 979 1640; x_wconf 89' lang='lat' dir='ltr'><strong><em>A</em></strong></span> <span class='ocrx_word' id='word_1_103' title='bbox 1001 1579 1030 1639; x_wconf 86' lang='lat' dir='ltr'><em>et</em></span> <span class='ocrx_word' id='word_1_104' title='bbox 1051 1574 1085 1639; x_wconf 91' lang='grc' dir='ltr'><strong><em>Β</em></strong></span> <span class='ocrx_word' id='word_1_105' title='bbox 1107 1574 1269 1655; x_wconf 87' lang='lat' dir='ltr'><em>dispositis</em></span> <span class='ocrx_word' id='word_1_106' title='bbox 1295 1595 1359 1640; x_wconf 90' lang='lat' dir='ltr'><em>non</em></span> <span class='ocrx_word' id='word_1_107' title='bbox 1390 1575 1426 1639; x_wconf 91' lang='lat' dir='ltr'><em>id</em></span> <span class='ocrx_word' id='word_1_108' title='bbox 1447 1575 1689 1651; x_wconf 77' lang='lat' dir='ltr'><em>dentonstratrrr‚</em></span> <span class='ocrx_word' id='word_1_109' title='bbox 1716 1575 1760 1638; x_wconf 93' lang='lat' dir='ltr'><em>ad</em></span> <span class='ocrx_word' id='word_1_110' title='bbox 1781 1575 1948 1640; x_wconf 89' lang='lat' dir='ltr'><em>editionem</em></span> <span class='ocrx_word' id='word_1_111' title='bbox 1969 1581 1999 1641; x_wconf 86' lang='lat' dir='ltr'><em>et</em></span> <span class='ocrx_word' id='word_1_112' title='bbox 2021 1576 2096 1642; x_wconf 89' lang='lat' dir='ltr'><em>libri</em></span> 
     </span>
     <span class='ocr_line' id='line_1_11' title="bbox 441 1677 2140 1761; baseline 0.001 -19"><span class='ocrx_word' id='word_1_113' title='bbox 441 1681 703 1746; x_wconf 80' lang='lat' dir='ltr'><em>constitutionum</em></span> <span class='ocrx_word' id='word_1_114' title='bbox 724 1686 753 1746; x_wconf 90' lang='grc'><em>35</em></span> <span class='ocrx_word' id='word_1_115' title='bbox 775 1679 1036 1744; x_wconf 86' lang='lat' dir='ltr'><em>constitutionum</em></span> <span class='ocrx_word' id='word_1_116' title='bbox 1056 1679 1333 1761; x_wconf 81' lang='lat' dir='ltr'><em>ectravapantinm</em></span> <span class='ocrx_word' id='word_1_117' title='bbox 1348 1678 1467 1744; x_wconf 91' lang='lat' dir='ltr'><em>codices</em></span> <span class='ocrx_word' id='word_1_118' title='bbox 1489 1677 1601 1742; x_wconf 80' lang='lat' dir='ltr'><em>classis</em></span> <span class='ocrx_word' id='word_1_119' title='bbox 1623 1677 1657 1742; x_wconf 94' lang='grc' dir='ltr'><strong><em>Β</em></strong></span> <span class='ocrx_word' id='word_1_120' title='bbox 1678 1677 1800 1742; x_wconf 89' lang='lat' dir='ltr'><em>nullius</em></span> <span class='ocrx_word' id='word_1_121' title='bbox 1814 1677 1862 1744; x_wconf 86' lang='lat' dir='ltr'><em>uel</em></span> <span class='ocrx_word' id='word_1_122' title='bbox 1882 1680 2015 1745; x_wconf 90' lang='lat' dir='ltr'><em>minoris</em></span> <span class='ocrx_word' id='word_1_123' title='bbox 2030 1703 2095 1746; x_wconf 87' lang='lat' dir='ltr'><em>csse</em></span> <span class='ocrx_word' id='word_1_124' title='bbox 2115 1706 2140 1744; x_wconf 85' lang='grc' dir='ltr'><em>ιο</em></span> 
     </span>
     <span class='ocr_line' id='line_1_12' title="bbox 440 1780 2096 1862; baseline 0.001 -15"><span class='ocrx_word' id='word_1_125' title='bbox 440 1785 650 1848; x_wconf 74' lang='lat' dir='ltr'><em>auctoritatis.</em></span> <span class='ocrx_word' id='word_1_126' title='bbox 697 1781 766 1848; x_wconf 88' lang='lat' dir='ltr'><em>Hoc</em></span> <span class='ocrx_word' id='word_1_127' title='bbox 794 1784 860 1847; x_wconf 88' lang='lat' dir='ltr'><em>iam</em></span> <span class='ocrx_word' id='word_1_128' title='bbox 886 1803 923 1847; x_wconf 91' lang='lat' dir='ltr'><em>ea</em></span> <span class='ocrx_word' id='word_1_129' title='bbox 952 1803 987 1846; x_wconf 91' lang='lat' dir='ltr'><em>rc</em></span> <span class='ocrx_word' id='word_1_130' title='bbox 1013 1780 1184 1861; x_wconf 78' lang='lat' dir='ltr'><em>refutatur,</em></span> <span class='ocrx_word' id='word_1_131' title='bbox 1215 1781 1300 1862; x_wconf 84' lang='lat' dir='ltr'><em>quod</em></span> <span class='ocrx_word' id='word_1_132' title='bbox 1320 1781 1467 1847; x_wconf 87' lang='lat' dir='ltr'><em>nonnulli</em></span> <span class='ocrx_word' id='word_1_133' title='bbox 1495 1781 1555 1846; x_wconf 91' lang='lat' dir='ltr'><em>loci</em></span> <span class='ocrx_word' id='word_1_134' title='bbox 1587 1781 1729 1846; x_wconf 87' lang='lat' dir='ltr'><em>codicum</em></span> <span class='ocrx_word' id='word_1_135' title='bbox 1752 1782 1784 1845; x_wconf 93' lang='lat' dir='ltr'><strong><em>A</em></strong></span> <span class='ocrx_word' id='word_1_136' title='bbox 1812 1803 1851 1846; x_wconf 81' lang='lat' dir='ltr'><em>ea</em></span> <span class='ocrx_word' id='word_1_137' title='bbox 1879 1783 2038 1848; x_wconf 71' lang='lat' dir='ltr'><em>codicibus</em></span> <span class='ocrx_word' id='word_1_138' title='bbox 2061 1784 2096 1849; x_wconf 98' lang='grc' dir='ltr'><strong><em>Β</em></strong></span> 
     </span>
     <span class='ocr_line' id='line_1_13' title="bbox 439 1885 756 1953; baseline 0.003 -2"><span class='ocrx_word' id='word_1_139' title='bbox 439 1893 516 1951; x_wconf 85' lang='lat' dir='ltr'><em>snut</em></span> <span class='ocrx_word' id='word_1_140' title='bbox 538 1885 733 1953; x_wconf 89' lang='lat' dir='ltr'><em>restituendi.</em></span> <span class='ocrx_word' id='word_1_141' title='bbox 755 1885 756 1888; x_wconf 63' lang='grc'>’</span> 
     </span>
    </p>

    <p class='ocr_par' dir='ltr' id='par_1_5' title="bbox 436 1996 2143 3637">
     <span class='ocr_line' id='line_1_14' title="bbox 551 1996 2094 2082; baseline 0.001 -19"><span class='ocrx_word' id='word_1_142' title='bbox 551 1999 620 2064; x_wconf 85' lang='lat' dir='ltr'><em>Hoc</em></span> <span class='ocrx_word' id='word_1_143' title='bbox 646 1997 710 2066; x_wconf 88' lang='lat' dir='ltr'><em>loco</em></span> <span class='ocrx_word' id='word_1_144' title='bbox 739 1998 880 2081; x_wconf 78' lang='lat' dir='ltr'><em>quaestio</em></span> <span class='ocrx_word' id='word_1_145' title='bbox 903 1997 1043 2075; x_wconf 76' lang='lat' dir='ltr'><em>exsistit,</em></span> <span class='ocrx_word' id='word_1_146' title='bbox 1075 2015 1156 2078; x_wconf 83' lang='lat' dir='ltr'><em>quae</em></span> <span class='ocrx_word' id='word_1_147' title='bbox 1184 1997 1269 2061; x_wconf 88' lang='lat' dir='ltr'><em>rat-io</em></span> <span class='ocrx_word' id='word_1_148' title='bbox 1295 1997 1379 2060; x_wconf 88' lang='lat' dir='ltr'><em>inter</em></span> <span class='ocrx_word' id='word_1_149' title='bbox 1409 1997 1528 2062; x_wconf 87' lang='lat' dir='ltr'><em>codices</em></span> <span class='ocrx_word' id='word_1_150' title='bbox 1550 1996 1592 2060; x_wconf 89' lang='lat' dir='ltr'><em>sit</em></span> <span class='ocrx_word' id='word_1_151' title='bbox 1614 1996 1660 2062; x_wconf 87' lang='lat' dir='ltr'><em>cel</em></span> <span class='ocrx_word' id='word_1_152' title='bbox 1681 2000 1831 2078; x_wconf 82' lang='lat' dir='ltr'><em>quorrrodo</em></span> <span class='ocrx_word' id='word_1_153' title='bbox 1852 2000 1914 2065; x_wconf 88' lang='lat' dir='ltr'><em>sibi</em></span> <span class='ocrx_word' id='word_1_154' title='bbox 1935 2001 2000 2065; x_wconf 87' lang='lat' dir='ltr'><em>sint</em></span> <span class='ocrx_word' id='word_1_155' title='bbox 2016 2022 2094 2082; x_wconf 89' lang='lat' dir='ltr'><em>pro-</em></span> 
     </span>
     <span class='ocr_line' id='line_1_15' title="bbox 436 2098 2095 2185; baseline 0.001 -19"><span class='ocrx_word' id='word_1_156' title='bbox 436 2105 565 2185; x_wconf 78' lang='lat' dir='ltr'><em>pinqui.</em></span> <span class='ocrx_word' id='word_1_157' title='bbox 609 2104 700 2168; x_wconf 82' lang='lat' dir='ltr'><em>Inter</em></span> <span class='ocrx_word' id='word_1_158' title='bbox 728 2102 845 2168; x_wconf 89' lang='lat' dir='ltr'><em>codices</em></span> <span class='ocrx_word' id='word_1_159' title='bbox 872 2102 974 2184; x_wconf 81' lang='lat' dir='ltr'><em>ipitur</em></span> <span class='ocrx_word' id='word_1_160' title='bbox 995 2099 1107 2165; x_wconf 83' lang='lat' dir='ltr'><em>classis</em></span> <span class='ocrx_word' id='word_1_161' title='bbox 1128 2100 1161 2163; x_wconf 98' lang='lat' dir='ltr'><strong><em>A</em></strong></span> <span class='ocrx_word' id='word_1_162' title='bbox 1183 2100 1279 2165; x_wconf 74' lang='lat' dir='ltr'><em>codes·</em></span> <span class='ocrx_word' id='word_1_163' title='bbox 1301 2101 1364 2165; x_wconf 79' lang='lat' dir='ltr'><em>Ar</em></span> <span class='ocrx_word' id='word_1_164' title='bbox 1389 2098 1475 2183; x_wconf 81' lang='lat' dir='ltr'><em>lonpe</em></span> <span class='ocrx_word' id='word_1_165' title='bbox 1503 2122 1524 2163; x_wconf 93' lang='lat' dir='ltr'><em>a</em></span> <span class='ocrx_word' id='word_1_166' title='bbox 1553 2101 1664 2165; x_wconf 89' lang='lat' dir='ltr'><em>ceteris</em></span> <span class='ocrx_word' id='word_1_167' title='bbox 1684 2101 1782 2165; x_wconf 82' lang='lat' dir='ltr'><em>buius</em></span> <span class='ocrx_word' id='word_1_168' title='bbox 1804 2101 1915 2167; x_wconf 76' lang='lat' dir='ltr'><em>classis</em></span> <span class='ocrx_word' id='word_1_169' title='bbox 1936 2105 2095 2170; x_wconf 81' lang='lat' dir='ltr'><em>codicibus</em></span> 
     </span>
     <span class='ocr_line' id='line_1_16' title="bbox 441 2203 2140 2294; baseline 0.002 -23"><span class='ocrx_word' id='word_1_170' title='bbox 441 2207 548 2284; x_wconf 88' lang='lat' dir='ltr'><em>distat,</em></span> <span class='ocrx_word' id='word_1_171' title='bbox 572 2207 700 2287; x_wconf 67' lang='lat' dir='ltr'><em>sautius</em></span> <span class='ocrx_word' id='word_1_172' title='bbox 722 2205 881 2270; x_wconf 86' lang='lat' dir='ltr'><em>lectionem</em></span> <span class='ocrx_word' id='word_1_173' title='bbox 896 2204 1066 2284; x_wconf 80' lang='lat' dir='ltr'><em>praebens,</em></span> <span class='ocrx_word' id='word_1_174' title='bbox 1090 2223 1172 2285; x_wconf 78' lang='lat' dir='ltr'><em>auae</em></span> <span class='ocrx_word' id='word_1_175' title='bbox 1193 2204 1301 2268; x_wconf 86' lang='lat' dir='ltr'><em>cadem</em></span> <span class='ocrx_word' id='word_1_176' title='bbox 1323 2205 1358 2268; x_wconf 93' lang='lat' dir='ltr'><em>in</em></span> <span class='ocrx_word' id='word_1_177' title='bbox 1373 2203 1535 2285; x_wconf 75' lang='lat' dir='ltr'><em>plerisque</em></span> <span class='ocrx_word' id='word_1_178' title='bbox 1557 2205 1716 2294; x_wconf 77' lang='lat' dir='ltr'><em>codicibus</em></span> <span class='ocrx_word' id='word_1_179' title='bbox 1736 2205 1848 2270; x_wconf 86' lang='lat' dir='ltr'><em>classis</em></span> <span class='ocrx_word' id='word_1_180' title='bbox 1861 2206 1895 2271; x_wconf 91' lang='grc' dir='ltr'><strong><em>Β</em></strong></span> <span class='ocrx_word' id='word_1_181' title='bbox 1916 2209 2096 2287; x_wconf 71' lang='lat' dir='ltr'><em>invenitur,</em></span> <span class='ocrx_word' id='word_1_182' title='bbox 2115 2239 2140 2276; x_wconf 82' lang='grc'><em>33</em></span> 
     </span>
     <span class='ocr_line' id='line_1_17' title="bbox 440 2307 2096 2389; baseline 0.001 -14"><span class='ocrx_word' id='word_1_183' title='bbox 440 2312 503 2376; x_wconf 83' lang='lat' dir='ltr'><em>As</em></span> <span class='ocrx_word' id='word_1_184' title='bbox 527 2315 637 2376; x_wconf 88' lang='lat' dir='ltr'><em>contra</em></span> <span class='ocrx_word' id='word_1_185' title='bbox 659 2312 695 2375; x_wconf 90' lang='lat' dir='ltr'><em>in</em></span> <span class='ocrx_word' id='word_1_186' title='bbox 715 2310 815 2375; x_wconf 86' lang='lat' dir='ltr'><em>corbis</em></span> <span class='ocrx_word' id='word_1_187' title='bbox 836 2308 910 2374; x_wconf 90' lang='lat' dir='ltr'><em>libri</em></span> <span class='ocrx_word' id='word_1_188' title='bbox 931 2309 1192 2374; x_wconf 88' lang='lat' dir='ltr'><em>corrstitationum</em></span> <span class='ocrx_word' id='word_1_189' title='bbox 1214 2307 1382 2372; x_wconf 83' lang='lat' dir='ltr'><em>reddendis</em></span> <span class='ocrx_word' id='word_1_190' title='bbox 1404 2312 1470 2371; x_wconf 91' lang='lat' dir='ltr'><em>tam</em></span> <span class='ocrx_word' id='word_1_191' title='bbox 1488 2328 1587 2389; x_wconf 80' lang='lat' dir='ltr'><em>prope</em></span> <span class='ocrx_word' id='word_1_192' title='bbox 1610 2309 1731 2372; x_wconf 88' lang='lat' dir='ltr'><em>accedit</em></span> <span class='ocrx_word' id='word_1_193' title='bbox 1753 2309 1798 2373; x_wconf 93' lang='lat' dir='ltr'><em>ad</em></span> <span class='ocrx_word' id='word_1_194' title='bbox 1812 2310 1946 2376; x_wconf 89' lang='lat' dir='ltr'><em>codicem</em></span> <span class='ocrx_word' id='word_1_195' title='bbox 1960 2312 1993 2375; x_wconf 98' lang='lat' dir='ltr'><strong><em>A</em></strong></span> <span class='ocrx_word' id='word_1_196' title='bbox 2006 2314 2035 2389; x_wconf 77' lang='lat'><em>2,</em></span> <span class='ocrx_word' id='word_1_197' title='bbox 2058 2317 2096 2376; x_wconf 89' lang='lat' dir='ltr'><em>ut</em></span> 
     </span>
     <span class='ocr_line' id='line_1_18' title="bbox 443 2411 2097 2494; baseline 0 -14"><span class='ocrx_word' id='word_1_198' title='bbox 443 2418 506 2480; x_wconf 89' lang='lat' dir='ltr'><em>iarn</em></span> <span class='ocrx_word' id='word_1_199' title='bbox 528 2416 588 2480; x_wconf 86' lang='lat' dir='ltr'><em>bac</em></span> <span class='ocrx_word' id='word_1_200' title='bbox 610 2415 648 2480; x_wconf 88' lang='lat' dir='ltr'><em>de</em></span> <span class='ocrx_word' id='word_1_201' title='bbox 662 2435 762 2479; x_wconf 87' lang='lat' dir='ltr'><em>causa</em></span> <span class='ocrx_word' id='word_1_202' title='bbox 779 2435 849 2478; x_wconf 91' lang='lat' dir='ltr'><em>cnm</em></span> <span class='ocrx_word' id='word_1_203' title='bbox 865 2434 899 2478; x_wconf 91' lang='lat' dir='ltr'><em>co</em></span> <span class='ocrx_word' id='word_1_204' title='bbox 914 2412 1151 2494; x_wconf 77' lang='lat' dir='ltr'><em>coniunpendus</em></span> <span class='ocrx_word' id='word_1_205' title='bbox 1164 2412 1215 2489; x_wconf 90' lang='lat' dir='ltr'><em>sit,</em></span> <span class='ocrx_word' id='word_1_206' title='bbox 1238 2431 1431 2492; x_wconf 80' lang='lat' dir='ltr'><em>quamquam</em></span> <span class='ocrx_word' id='word_1_207' title='bbox 1446 2411 1600 2476; x_wconf 84' lang='lat' dir='ltr'><em>eiusmodi</em></span> <span class='ocrx_word' id='word_1_208' title='bbox 1614 2411 1749 2476; x_wconf 89' lang='lat' dir='ltr'><em>indicem</em></span> <span class='ocrx_word' id='word_1_209' title='bbox 1763 2414 1859 2478; x_wconf 75' lang='lat' dir='ltr'><em>codes</em></span> <span class='ocrx_word' id='word_1_210' title='bbox 1873 2415 1974 2494; x_wconf 86' lang='lat' dir='ltr'><em>babet,</em></span> <span class='ocrx_word' id='word_1_211' title='bbox 1997 2421 2044 2493; x_wconf 85' lang='lat' dir='ltr'><em>ut,</em></span> <span class='ocrx_word' id='word_1_212' title='bbox 2066 2416 2097 2480; x_wconf 87' lang='lat' dir='ltr'><em>si</em></span> 
     </span>
     <span class='ocr_line' id='line_1_19' title="bbox 440 2514 2094 2600; baseline -0.001 -16"><span class='ocrx_word' id='word_1_213' title='bbox 440 2521 595 2585; x_wconf 87' lang='lat' dir='ltr'><em>rationem</em></span> <span class='ocrx_word' id='word_1_214' title='bbox 616 2520 810 2600; x_wconf 88' lang='lat' dir='ltr'><em>respicimus,</em></span> <span class='ocrx_word' id='word_1_215' title='bbox 833 2516 1006 2581; x_wconf 89' lang='lat' dir='ltr'><em>secundnm</em></span> <span class='ocrx_word' id='word_1_216' title='bbox 1027 2537 1124 2597; x_wconf 78' lang='lat' dir='ltr'><em>quam</em></span> <span class='ocrx_word' id='word_1_217' title='bbox 1146 2515 1261 2579; x_wconf 80' lang='lat' dir='ltr'><em>obesses</em></span> <span class='ocrx_word' id='word_1_218' title='bbox 1275 2515 1308 2578; x_wconf 98' lang='lat' dir='ltr'><strong><em>A</em></strong></span> <span class='ocrx_word' id='word_1_219' title='bbox 1330 2520 1360 2579; x_wconf 91' lang='grc'><em>35</em></span> <span class='ocrx_word' id='word_1_220' title='bbox 1381 2514 1416 2579; x_wconf 92' lang='grc' dir='ltr'><strong><em>Β</em></strong></span> <span class='ocrx_word' id='word_1_221' title='bbox 1437 2515 1618 2593; x_wconf 78' lang='lat' dir='ltr'><em>diuidimus,</em></span> <span class='ocrx_word' id='word_1_222' title='bbox 1641 2515 1736 2580; x_wconf 87' lang='lat' dir='ltr'><em>class-i</em></span> <span class='ocrx_word' id='word_1_223' title='bbox 1751 2517 1786 2580; x_wconf 89' lang='grc' dir='ltr'><strong><em>Β</em></strong></span> <span class='ocrx_word' id='word_1_224' title='bbox 1802 2517 2028 2583; x_wconf 86' lang='lat' dir='ltr'><em>adscribendus</em></span> <span class='ocrx_word' id='word_1_225' title='bbox 2042 2520 2094 2583; x_wconf 88' lang='lat' dir='ltr'><em>sit.</em></span> 
     </span>
     <span class='ocr_line' id='line_1_20' title="bbox 440 2619 2095 2705; baseline -0.001 -16"><span class='ocrx_word' id='word_1_226' title='bbox 440 2623 565 2689; x_wconf 85' lang='lat' dir='ltr'><em>Deinde</em></span> <span class='ocrx_word' id='word_1_227' title='bbox 578 2624 642 2687; x_wconf 80' lang='lat' dir='ltr'><em>Ar</em></span> <span class='ocrx_word' id='word_1_228' title='bbox 658 2623 828 2704; x_wconf 77' lang='lat' dir='ltr'><em>prosimus</em></span> <span class='ocrx_word' id='word_1_229' title='bbox 850 2626 895 2685; x_wconf 89' lang='lat' dir='ltr'><em>est</em></span> <span class='ocrx_word' id='word_1_230' title='bbox 916 2620 1016 2685; x_wconf 91' lang='lat' dir='ltr'><em>codici</em></span> <span class='ocrx_word' id='word_1_231' title='bbox 1038 2620 1070 2683; x_wconf 89' lang='lat' dir='ltr'><strong><em>A</em></strong></span> <span class='ocrx_word' id='word_1_232' title='bbox 1083 2626 1118 2696; x_wconf 91' lang='lat'><em>1;</em></span> <span class='ocrx_word' id='word_1_233' title='bbox 1149 2639 1282 2700; x_wconf 78' lang='lat' dir='ltr'><em>quorum</em></span> <span class='ocrx_word' id='word_1_234' title='bbox 1304 2620 1446 2684; x_wconf 88' lang='lat' dir='ltr'><em>codicum</em></span> <span class='ocrx_word' id='word_1_235' title='bbox 1468 2619 1626 2698; x_wconf 85' lang='lat' dir='ltr'><em>lectiones,</em></span> <span class='ocrx_word' id='word_1_236' title='bbox 1652 2621 1682 2684; x_wconf 90' lang='lat' dir='ltr'><em>si</em></span> <span class='ocrx_word' id='word_1_237' title='bbox 1707 2623 1791 2686; x_wconf 90' lang='lat' dir='ltr'><em>inter</em></span> <span class='ocrx_word' id='word_1_238' title='bbox 1812 2643 1845 2686; x_wconf 90' lang='lat' dir='ltr'><em>se</em></span> <span class='ocrx_word' id='word_1_239' title='bbox 1866 2643 2095 2705; x_wconf 83' lang='lat' dir='ltr'><em>corrrpararrms,</em></span> 
     </span>
     <span class='ocr_line' id='line_1_21' title="bbox 441 2722 2142 2809; baseline 0.001 -19"><span class='ocrx_word' id='word_1_240' title='bbox 441 2726 500 2790; x_wconf 85' lang='lat' dir='ltr'><em>Al</em></span> <span class='ocrx_word' id='word_1_241' title='bbox 527 2726 658 2790; x_wconf 83' lang='lat' dir='ltr'><em>nraicn&#39;s</em></span> <span class='ocrx_word' id='word_1_242' title='bbox 687 2747 752 2790; x_wconf 89' lang='lat' dir='ltr'><em>esse</em></span> <span class='ocrx_word' id='word_1_243' title='bbox 782 2726 818 2790; x_wconf 89' lang='lat' dir='ltr'><em>in</em></span> <span class='ocrx_word' id='word_1_244' title='bbox 848 2725 1032 2790; x_wconf 87' lang='lat' dir='ltr'><em>universam</em></span> <span class='ocrx_word' id='word_1_245' title='bbox 1061 2724 1264 2786; x_wconf 88' lang='lat' dir='ltr'><em>auctoritatis</em></span> <span class='ocrx_word' id='word_1_246' title='bbox 1291 2723 1386 2805; x_wconf 80' lang='lat' dir='ltr'><em>facile</em></span> <span class='ocrx_word' id='word_1_247' title='bbox 1414 2722 1641 2806; x_wconf 78' lang='lat' dir='ltr'><em>intellipemrcs;</em></span> <span class='ocrx_word' id='word_1_248' title='bbox 1673 2727 1794 2791; x_wconf 86' lang='lat' dir='ltr'><em>accedit</em></span> <span class='ocrx_word' id='word_1_249' title='bbox 1820 2727 1905 2809; x_wconf 81' lang='lat' dir='ltr'><em>quod</em></span> <span class='ocrx_word' id='word_1_250' title='bbox 1926 2728 1992 2791; x_wconf 82' lang='lat' dir='ltr'><em>Ar</em></span> <span class='ocrx_word' id='word_1_251' title='bbox 2015 2748 2093 2792; x_wconf 89' lang='lat' dir='ltr'><em>non-</em></span> <span class='ocrx_word' id='word_1_252' title='bbox 2114 2762 2142 2801; x_wconf 75' lang='lat'><em>20</em></span> 
     </span>
     <span class='ocr_line' id='line_1_22' title="bbox 439 2826 2098 2910; baseline 0.002 -17"><span class='ocrx_word' id='word_1_253' title='bbox 439 2827 547 2894; x_wconf 85' lang='lat' dir='ltr'><em>nullas</em></span> <span class='ocrx_word' id='word_1_254' title='bbox 568 2828 660 2894; x_wconf 82' lang='lat' dir='ltr'><em>babet</em></span> <span class='ocrx_word' id='word_1_255' title='bbox 682 2828 825 2893; x_wconf 89' lang='lat' dir='ltr'><em>lacuuas.</em></span> <span class='ocrx_word' id='word_1_256' title='bbox 860 2828 903 2891; x_wconf 90' lang='lat' dir='ltr'><em>In</em></span> <span class='ocrx_word' id='word_1_257' title='bbox 925 2826 1150 2907; x_wconf 88' lang='lat' dir='ltr'><em>comparandis</em></span> <span class='ocrx_word' id='word_1_258' title='bbox 1172 2827 1255 2890; x_wconf 89' lang='lat' dir='ltr'><em>cuim</em></span> <span class='ocrx_word' id='word_1_259' title='bbox 1277 2827 1435 2891; x_wconf 88' lang='lat' dir='ltr'><em>codicibus</em></span> <span class='ocrx_word' id='word_1_260' title='bbox 1448 2827 1507 2891; x_wconf 84' lang='lat' dir='ltr'><em>At</em></span> <span class='ocrx_word' id='word_1_261' title='bbox 1535 2833 1564 2891; x_wconf 90' lang='lat' dir='ltr'><em>ct</em></span> <span class='ocrx_word' id='word_1_262' title='bbox 1584 2829 1650 2893; x_wconf 80' lang='lat' dir='ltr'><em>Ar</em></span> <span class='ocrx_word' id='word_1_263' title='bbox 1672 2831 1830 2910; x_wconf 88' lang='lat' dir='ltr'><em>imprimis</em></span> <span class='ocrx_word' id='word_1_264' title='bbox 1851 2832 1877 2893; x_wconf 91' lang='lat' dir='ltr'><em>ii</em></span> <span class='ocrx_word' id='word_1_265' title='bbox 1900 2830 1959 2895; x_wconf 91' lang='lat' dir='ltr'><em>laci</em></span> <span class='ocrx_word' id='word_1_266' title='bbox 1981 2831 2098 2896; x_wconf 88' lang='lat' dir='ltr'><em>codicis</em></span> 
     </span>
     <span class='ocr_line' id='line_1_23' title="bbox 439 2930 2098 3014; baseline 0.001 -17"><span class='ocrx_word' id='word_1_267' title='bbox 439 2932 637 2997; x_wconf 89' lang='lat' dir='ltr'><em>Parisiensis</em></span> <span class='ocrx_word' id='word_1_268' title='bbox 654 2934 737 2998; x_wconf 76' lang='grc'><strong>4758</strong></span> <span class='ocrx_word' id='word_1_269' title='bbox 760 2931 949 3012; x_wconf 84' lang='lat' dir='ltr'><em>respiciendi</em></span> <span class='ocrx_word' id='word_1_270' title='bbox 971 2935 1055 3007; x_wconf 86' lang='lat' dir='ltr'><em>sant,</em></span> <span class='ocrx_word' id='word_1_271' title='bbox 1084 2930 1199 3011; x_wconf 77' lang='lat' dir='ltr'><em>quibus</em></span> <span class='ocrx_word' id='word_1_272' title='bbox 1221 2931 1360 2994; x_wconf 86' lang='lat' dir='ltr'><em>secunda</em></span> <span class='ocrx_word' id='word_1_273' title='bbox 1382 2951 1497 2995; x_wconf 87' lang='lat' dir='ltr'><em>marrus</em></span> <span class='ocrx_word' id='word_1_274' title='bbox 1519 2933 1658 3013; x_wconf 81' lang='lat' dir='ltr'><em>cmupici</em></span> <span class='ocrx_word' id='word_1_275' title='bbox 1677 2938 1795 3013; x_wconf 88' lang='lat' dir='ltr'><em>potest;</em></span> <span class='ocrx_word' id='word_1_276' title='bbox 1822 2933 1992 3014; x_wconf 88' lang='lat' dir='ltr'><em>pemmltis</em></span> <span class='ocrx_word' id='word_1_277' title='bbox 2014 2935 2098 2999; x_wconf 84' lang='lat' dir='ltr'><em>eninr</em></span> 
     </span>
     <span class='ocr_line' id='line_1_24' title="bbox 440 3033 2097 3119; baseline 0.003 -21"><span class='ocrx_word' id='word_1_278' title='bbox 440 3034 526 3111; x_wconf 89' lang='lat' dir='ltr'><em>locis,</em></span> <span class='ocrx_word' id='word_1_279' title='bbox 554 3034 670 3115; x_wconf 78' lang='lat' dir='ltr'><em>qnibrrs</em></span> <span class='ocrx_word' id='word_1_280' title='bbox 691 3035 830 3098; x_wconf 77' lang='lat' dir='ltr'><em>uenum</em></span> <span class='ocrx_word' id='word_1_281' title='bbox 852 3053 968 3097; x_wconf 84' lang='lat' dir='ltr'><em>uranus</em></span> <span class='ocrx_word' id='word_1_282' title='bbox 990 3051 1053 3097; x_wconf 87' lang='lat' dir='ltr'><em>rron</em></span> <span class='ocrx_word' id='word_1_283' title='bbox 1075 3033 1280 3114; x_wconf 84' lang='lat' dir='ltr'><em>coprroscitar,</em></span> <span class='ocrx_word' id='word_1_284' title='bbox 1311 3034 1484 3098; x_wconf 88' lang='lat' dir='ltr'><em>consentire</em></span> <span class='ocrx_word' id='word_1_285' title='bbox 1506 3034 1606 3116; x_wconf 81' lang='lat' dir='ltr'><em>ipitrrr</em></span> <span class='ocrx_word' id='word_1_286' title='bbox 1620 3037 1680 3101; x_wconf 84' lang='lat' dir='ltr'><em>At</em></span> <span class='ocrx_word' id='word_1_287' title='bbox 1708 3042 1737 3100; x_wconf 90' lang='lat' dir='ltr'><em>ct</em></span> <span class='ocrx_word' id='word_1_288' title='bbox 1759 3036 1793 3101; x_wconf 92' lang='grc' dir='ltr'><strong><em>Β</em></strong></span> <span class='ocrx_word' id='word_1_289' title='bbox 1804 3041 1823 3100; x_wconf 94' lang='grc'><strong>5</strong></span> <span class='ocrx_word' id='word_1_290' title='bbox 1845 3037 2001 3117; x_wconf 83' lang='lat' dir='ltr'><em>uidentur,</em></span> <span class='ocrx_word' id='word_1_291' title='bbox 2018 3060 2097 3119; x_wconf 85' lang='lat' dir='ltr'><em>pra-</em></span> 
     </span>
     <span class='ocr_line' id='line_1_25' title="bbox 440 3134 2098 3220; baseline 0.004 -19"><span class='ocrx_word' id='word_1_292' title='bbox 440 3135 539 3202; x_wconf 88' lang='lat' dir='ltr'><em>babile</em></span> <span class='ocrx_word' id='word_1_293' title='bbox 560 3142 606 3202; x_wconf 91' lang='lat' dir='ltr'><em>est</em></span> <span class='ocrx_word' id='word_1_294' title='bbox 627 3138 783 3214; x_wconf 88' lang='lat' dir='ltr'><em>mendum,</em></span> <span class='ocrx_word' id='word_1_295' title='bbox 806 3137 890 3218; x_wconf 78' lang='lat' dir='ltr'><em>quod</em></span> <span class='ocrx_word' id='word_1_296' title='bbox 910 3137 947 3200; x_wconf 89' lang='lat' dir='ltr'><em>ia</em></span> <span class='ocrx_word' id='word_1_297' title='bbox 970 3135 1073 3200; x_wconf 88' lang='lat' dir='ltr'><em>codice</em></span> <span class='ocrx_word' id='word_1_298' title='bbox 1089 3134 1123 3199; x_wconf 91' lang='grc' dir='ltr'><strong><em>Β</em></strong></span> <span class='ocrx_word' id='word_1_299' title='bbox 1134 3141 1152 3200; x_wconf 96' lang='grc'><strong>5</strong></span> <span class='ocrx_word' id='word_1_300' title='bbox 1176 3141 1321 3214; x_wconf 76' lang='lat' dir='ltr'><em>exstaret,</em></span> <span class='ocrx_word' id='word_1_301' title='bbox 1354 3137 1390 3201; x_wconf 92' lang='lat' dir='ltr'><em>in</em></span> <span class='ocrx_word' id='word_1_302' title='bbox 1411 3139 1595 3203; x_wconf 87' lang='lat' dir='ltr'><em>recensendo</em></span> <span class='ocrx_word' id='word_1_303' title='bbox 1612 3142 1873 3220; x_wconf 86' lang='lat' dir='ltr'><em>praetermissum</em></span> <span class='ocrx_word' id='word_1_304' title='bbox 1895 3163 1967 3219; x_wconf 87' lang='lat' dir='ltr'><em>esse,</em></span> <span class='ocrx_word' id='word_1_305' title='bbox 1991 3142 2039 3205; x_wconf 91' lang='lat' dir='ltr'><em>ita</em></span> <span class='ocrx_word' id='word_1_306' title='bbox 2060 3149 2098 3207; x_wconf 89' lang='lat' dir='ltr'><em>ut</em></span> 
     </span>
     <span class='ocr_line' id='line_1_26' title="bbox 439 3239 2143 3325; baseline 0.002 -18"><span class='ocrx_word' id='word_1_307' title='bbox 439 3241 594 3307; x_wconf 86' lang='lat' dir='ltr'><em>eiusmodi</em></span> <span class='ocrx_word' id='word_1_308' title='bbox 615 3241 675 3306; x_wconf 92' lang='lat' dir='ltr'><em>loci</em></span> <span class='ocrx_word' id='word_1_309' title='bbox 696 3241 796 3306; x_wconf 89' lang='lat' dir='ltr'><em>codici</em></span> <span class='ocrx_word' id='word_1_310' title='bbox 814 3241 875 3304; x_wconf 87' lang='lat' dir='ltr'><em>Al</em></span> <span class='ocrx_word' id='word_1_311' title='bbox 902 3260 966 3304; x_wconf 88' lang='lat' dir='ltr'><em>non</em></span> <span class='ocrx_word' id='word_1_312' title='bbox 988 3239 1183 3303; x_wconf 86' lang='lat' dir='ltr'><em>attribuendi</em></span> <span class='ocrx_word' id='word_1_313' title='bbox 1205 3241 1279 3305; x_wconf 87' lang='lat' dir='ltr'><em>sint.</em></span> <span class='ocrx_word' id='word_1_314' title='bbox 1320 3241 1428 3322; x_wconf 83' lang='lat' dir='ltr'><em>Neque</em></span> <span class='ocrx_word' id='word_1_315' title='bbox 1450 3243 1534 3306; x_wconf 89' lang='lat' dir='ltr'><em>enim</em></span> <span class='ocrx_word' id='word_1_316' title='bbox 1556 3262 1625 3307; x_wconf 88' lang='lat' dir='ltr'><em>earn</em></span> <span class='ocrx_word' id='word_1_317' title='bbox 1645 3244 1781 3325; x_wconf 79' lang='lat' dir='ltr'><em>tbrmam</em></span> <span class='ocrx_word' id='word_1_318' title='bbox 1804 3244 1878 3310; x_wconf 89' lang='lat' dir='ltr'><em>libri</em></span> <span class='ocrx_word' id='word_1_319' title='bbox 1899 3245 2096 3310; x_wconf 80' lang='lat' dir='ltr'><em>constitutio·</em></span> <span class='ocrx_word' id='word_1_320' title='bbox 2116 3278 2143 3317; x_wconf 69' lang='lat'><em>25</em></span> 
     </span>
     <span class='ocr_line' id='line_1_27' title="bbox 440 3345 2098 3429; baseline 0.002 -18"><span class='ocrx_word' id='word_1_321' title='bbox 440 3368 517 3412; x_wconf 91' lang='lat' dir='ltr'><em>nam</em></span> <span class='ocrx_word' id='word_1_322' title='bbox 540 3345 646 3410; x_wconf 85' lang='lat' dir='ltr'><em>littera</em></span> <span class='ocrx_word' id='word_1_323' title='bbox 660 3346 721 3409; x_wconf 82' lang='lat' dir='ltr'><em>At</em></span> <span class='ocrx_word' id='word_1_324' title='bbox 741 3347 950 3428; x_wconf 58' lang='lat' dir='ltr'><em>deserueras,</em></span> <span class='ocrx_word' id='word_1_325' title='bbox 972 3365 1053 3426; x_wconf 81' lang='lat' dir='ltr'><em>quac</em></span> <span class='ocrx_word' id='word_1_326' title='bbox 1076 3365 1115 3409; x_wconf 82' lang='lat' dir='ltr'><em>ea</em></span> <span class='ocrx_word' id='word_1_327' title='bbox 1133 3346 1241 3425; x_wconf 88' lang='lat' dir='ltr'><em>priore</em></span> <span class='ocrx_word' id='word_1_328' title='bbox 1263 3347 1432 3426; x_wconf 87' lang='lat' dir='ltr'><em>scriptione</em></span> <span class='ocrx_word' id='word_1_329' title='bbox 1454 3347 1570 3410; x_wconf 87' lang='lat' dir='ltr'><em>codicis</em></span> <span class='ocrx_word' id='word_1_330' title='bbox 1585 3346 1691 3411; x_wconf 86' lang='lat' dir='ltr'><em>Paris.</em></span> <span class='ocrx_word' id='word_1_331' title='bbox 1709 3351 1792 3413; x_wconf 80' lang='grc'><strong>4758</strong></span> <span class='ocrx_word' id='word_1_332' title='bbox 1809 3347 1859 3429; x_wconf 89' lang='grc' dir='ltr'><strong><em>(Β</em></strong></span> <span class='ocrx_word' id='word_1_333' title='bbox 1872 3349 1906 3428; x_wconf 91' lang='grc'><em>5)</em></span> <span class='ocrx_word' id='word_1_334' title='bbox 1928 3349 2098 3414; x_wconf 89' lang='lat' dir='ltr'><em>corrinncta</em></span> 
     </span>
     <span class='ocr_line' id='line_1_28' title="bbox 439 3451 2092 3531; baseline -0.001 -14"><span class='ocrx_word' id='word_1_335' title='bbox 439 3474 512 3517; x_wconf 90' lang='lat' dir='ltr'><em>cum</em></span> <span class='ocrx_word' id='word_1_336' title='bbox 533 3453 801 3517; x_wconf 68' lang='lat' dir='ltr'><em>mundationibus</em></span> <span class='ocrx_word' id='word_1_337' title='bbox 823 3457 954 3529; x_wconf 78' lang='lat' dir='ltr'><em>carutat,</em></span> <span class='ocrx_word' id='word_1_338' title='bbox 982 3451 1037 3515; x_wconf 89' lang='lat' dir='ltr'><em>sed</em></span> <span class='ocrx_word' id='word_1_339' title='bbox 1058 3451 1146 3531; x_wconf 90' lang='lat' dir='ltr'><em>ipsas</em></span> <span class='ocrx_word' id='word_1_340' title='bbox 1167 3451 1252 3514; x_wconf 87' lang='lat' dir='ltr'><em>solas</em></span> <span class='ocrx_word' id='word_1_341' title='bbox 1274 3452 1512 3517; x_wconf 73' lang='lat' dir='ltr'><em>errandatiorres.</em></span> <span class='ocrx_word' id='word_1_342' title='bbox 1554 3451 1595 3518; x_wconf 88' lang='lat' dir='ltr'><em>Ut</em></span> <span class='ocrx_word' id='word_1_343' title='bbox 1619 3457 1724 3516; x_wconf 91' lang='lat' dir='ltr'><em>autem</em></span> <span class='ocrx_word' id='word_1_344' title='bbox 1746 3458 1827 3516; x_wconf 79' lang='lat' dir='ltr'><em>recte</em></span> <span class='ocrx_word' id='word_1_345' title='bbox 1849 3453 1886 3516; x_wconf 85' lang='lat' dir='ltr'><em>de</em></span> <span class='ocrx_word' id='word_1_346' title='bbox 1908 3453 2010 3516; x_wconf 88' lang='lat' dir='ltr'><em>codice</em></span> <span class='ocrx_word' id='word_1_347' title='bbox 2032 3453 2092 3516; x_wconf 85' lang='lat' dir='ltr'><em>Al</em></span> 
     </span>
     <span class='ocr_line' id='line_1_29' title="bbox 442 3559 1034 3637; baseline 0 -14"><span class='ocrx_word' id='word_1_348' title='bbox 442 3559 626 3637; x_wconf 88' lang='lat' dir='ltr'><em>iudicemus,</em></span> <span class='ocrx_word' id='word_1_349' title='bbox 649 3559 705 3624; x_wconf 84' lang='lat' dir='ltr'><em>troc</em></span> <span class='ocrx_word' id='word_1_350' title='bbox 727 3559 958 3622; x_wconf 71' lang='lat' dir='ltr'><em>columnarium</em></span> <span class='ocrx_word' id='word_1_351' title='bbox 980 3563 1034 3623; x_wconf 90' lang='lat' dir='ltr'><em>est.</em></span> 
     </span>
    </p>
   </div>
   <div class='ocr_carea' id='block_1_4' title="bbox 434 3667 2143 4269">
    <p class='ocr_par' dir='ltr' id='par_1_6' title="bbox 434 3667 2143 4269">
     <span class='ocr_line' id='line_1_30' title="bbox 547 3667 2096 3752; baseline 0.002 -18"><span class='ocrx_word' id='word_1_352' title='bbox 547 3671 598 3750; x_wconf 89' lang='lat' dir='ltr'><em>Is,</em></span> <span class='ocrx_word' id='word_1_353' title='bbox 621 3672 678 3752; x_wconf 81' lang='lat' dir='ltr'><em>qui</em></span> <span class='ocrx_word' id='word_1_354' title='bbox 700 3671 785 3734; x_wconf 85' lang='lat' dir='ltr'><em>banc</em></span> <span class='ocrx_word' id='word_1_355' title='bbox 806 3671 940 3734; x_wconf 87' lang='lat' dir='ltr'><em>codicem</em></span> <span class='ocrx_word' id='word_1_356' title='bbox 957 3670 1113 3750; x_wconf 87' lang='lat' dir='ltr'><em>possedit,</em></span> <span class='ocrx_word' id='word_1_357' title='bbox 1136 3690 1200 3733; x_wconf 91' lang='lat' dir='ltr'><em>non</em></span> <span class='ocrx_word' id='word_1_358' title='bbox 1222 3670 1373 3750; x_wconf 71' lang='lat' dir='ltr'><em>spumans</em></span> <span class='ocrx_word' id='word_1_359' title='bbox 1395 3690 1466 3732; x_wconf 90' lang='lat' dir='ltr'><em>cum</em></span> <span class='ocrx_word' id='word_1_360' title='bbox 1488 3689 1551 3732; x_wconf 87' lang='lat' dir='ltr'><em>esse</em></span> <span class='ocrx_word' id='word_1_361' title='bbox 1575 3667 1759 3733; x_wconf 88' lang='lat' dir='ltr'><em>lacunosum</em></span> <span class='ocrx_word' id='word_1_362' title='bbox 1781 3671 2011 3736; x_wconf 81' lang='lat' dir='ltr'><em>errarularnlanr</em></span> <span class='ocrx_word' id='word_1_363' title='bbox 2033 3672 2096 3737; x_wconf 90' lang='lat' dir='ltr'><em>sibi</em></span> 
     </span>
     <span class='ocr_line' id='line_1_31' title="bbox 439 3772 2143 3858; baseline 0.002 -19"><span class='ocrx_word' id='word_1_364' title='bbox 439 3775 591 3855; x_wconf 68' lang='grc' dir='ltr'><em>33333355,ο</em></span> <span class='ocrx_word' id='word_1_365' title='bbox 618 3776 655 3839; x_wconf 92' lang='lat' dir='ltr'><em>in</em></span> <span class='ocrx_word' id='word_1_366' title='bbox 677 3775 826 3858; x_wconf 78' lang='lat' dir='ltr'><em>stipendis</em></span> <span class='ocrx_word' id='word_1_367' title='bbox 847 3775 947 3856; x_wconf 81' lang='lat' dir='ltr'><em>ipitnr</em></span> <span class='ocrx_word' id='word_1_368' title='bbox 968 3773 1134 3849; x_wconf 84' lang='lat' dir='ltr'><em>codicilnrs,</em></span> <span class='ocrx_word' id='word_1_369' title='bbox 1158 3793 1292 3853; x_wconf 78' lang='lat' dir='ltr'><em>quorum</em></span> <span class='ocrx_word' id='word_1_370' title='bbox 1314 3772 1359 3835; x_wconf 90' lang='lat' dir='ltr'><em>ad</em></span> <span class='ocrx_word' id='word_1_371' title='bbox 1379 3791 1521 3836; x_wconf 78' lang='lat' dir='ltr'><em>riorruanr</em></span> <span class='ocrx_word' id='word_1_372' title='bbox 1544 3773 1719 3854; x_wconf 78' lang='lat' dir='ltr'><em>corriperet,</em></span> <span class='ocrx_word' id='word_1_373' title='bbox 1742 3773 1978 3856; x_wconf 78' lang='lat' dir='ltr'><em>dilipentissime</em></span> <span class='ocrx_word' id='word_1_374' title='bbox 2000 3776 2098 3857; x_wconf 81' lang='lat' dir='ltr'><em>cpissc</em></span> <span class='ocrx_word' id='word_1_375' title='bbox 2115 3805 2143 3844; x_wconf 83' lang='lat' dir='ltr'><em>so</em></span> 
     </span>
     <span class='ocr_line' id='line_1_32' title="bbox 434 3875 2095 3964; baseline 0 -21"><span class='ocrx_word' id='word_1_376' title='bbox 434 3877 603 3964; x_wconf 77' lang='lat' dir='ltr'><em>pertundus</em></span> <span class='ocrx_word' id='word_1_377' title='bbox 632 3884 686 3943; x_wconf 89' lang='lat' dir='ltr'><em>est.</em></span> <span class='ocrx_word' id='word_1_378' title='bbox 737 3878 926 3942; x_wconf 79' lang='lat' dir='ltr'><em>Enreudatio</em></span> <span class='ocrx_word' id='word_1_379' title='bbox 957 3881 1064 3940; x_wconf 89' lang='lat' dir='ltr'><em>autem</em></span> <span class='ocrx_word' id='word_1_380' title='bbox 1093 3895 1158 3940; x_wconf 91' lang='lat' dir='ltr'><em>non</em></span> <span class='ocrx_word' id='word_1_381' title='bbox 1188 3881 1254 3938; x_wconf 91' lang='lat' dir='ltr'><em>tarn</em></span> <span class='ocrx_word' id='word_1_382' title='bbox 1281 3875 1402 3955; x_wconf 80' lang='lat' dir='ltr'><em>forruae</em></span> <span class='ocrx_word' id='word_1_383' title='bbox 1430 3896 1526 3956; x_wconf 82' lang='lat' dir='ltr'><em>quam</em></span> <span class='ocrx_word' id='word_1_384' title='bbox 1554 3875 1715 3940; x_wconf 88' lang='lat' dir='ltr'><em>cerborunr</em></span> <span class='ocrx_word' id='word_1_385' title='bbox 1746 3879 1925 3942; x_wconf 87' lang='lat' dir='ltr'><em>necessaria</em></span> <span class='ocrx_word' id='word_1_386' title='bbox 1954 3879 1983 3942; x_wconf 88' lang='lat' dir='ltr'><em>ei</em></span> <span class='ocrx_word' id='word_1_387' title='bbox 2011 3879 2095 3944; x_wconf 73' lang='lat' dir='ltr'><em>ride</em></span> 
     </span>
     <span class='ocr_line' id='line_1_33' title="bbox 440 3978 2097 4064; baseline 0.001 -18"><span class='ocrx_word' id='word_1_388' title='bbox 440 3982 552 4058; x_wconf 86' lang='lat' dir='ltr'><em>batar;</em></span> <span class='ocrx_word' id='word_1_389' title='bbox 584 3982 692 4064; x_wconf 74' lang='lat' dir='ltr'><em>itaque</em></span> <span class='ocrx_word' id='word_1_390' title='bbox 718 3983 787 4045; x_wconf 88' lang='lat' dir='ltr'><em>cius</em></span> <span class='ocrx_word' id='word_1_391' title='bbox 812 3981 942 4057; x_wconf 88' lang='lat' dir='ltr'><em>codicis,</em></span> <span class='ocrx_word' id='word_1_392' title='bbox 974 4000 1064 4060; x_wconf 80' lang='lat' dir='ltr'><em>quem</em></span> <span class='ocrx_word' id='word_1_393' title='bbox 1094 3984 1220 4043; x_wconf 78' lang='lat' dir='ltr'><em>secretus</em></span> <span class='ocrx_word' id='word_1_394' title='bbox 1247 3979 1381 4042; x_wconf 87' lang='lat' dir='ltr'><em>codicenr</em></span> <span class='ocrx_word' id='word_1_395' title='bbox 1403 3978 1468 4042; x_wconf 91' lang='grc' dir='ltr'><em>Β5</em></span> <span class='ocrx_word' id='word_1_396' title='bbox 1492 3979 1679 4057; x_wconf 83' lang='lat' dir='ltr'><em>errrondaoit,</em></span> <span class='ocrx_word' id='word_1_397' title='bbox 1710 4000 1774 4044; x_wconf 89' lang='lat' dir='ltr'><em>rron</em></span> <span class='ocrx_word' id='word_1_398' title='bbox 1795 3980 1867 4063; x_wconf 88' lang='lat' dir='ltr'><em>ipsa</em></span> <span class='ocrx_word' id='word_1_399' title='bbox 1889 3981 2008 4061; x_wconf 77' lang='lat' dir='ltr'><em>forum,</em></span> <span class='ocrx_word' id='word_1_400' title='bbox 2041 3984 2097 4047; x_wconf 91' lang='lat' dir='ltr'><em>sed</em></span> 
     </span>
     <span class='ocr_line' id='line_1_34' title="bbox 441 4077 2095 4166; baseline 0.002 -18"><span class='ocrx_word' id='word_1_401' title='bbox 441 4089 661 4166; x_wconf 77' lang='lat' dir='ltr'><em>arpumentnm</em></span> <span class='ocrx_word' id='word_1_402' title='bbox 682 4084 783 4148; x_wconf 89' lang='lat' dir='ltr'><em>solum</em></span> <span class='ocrx_word' id='word_1_403' title='bbox 806 4083 908 4164; x_wconf 82' lang='lat' dir='ltr'><em>idque,</em></span> <span class='ocrx_word' id='word_1_404' title='bbox 931 4088 968 4146; x_wconf 88' lang='lat' dir='ltr'><em>ut</em></span> <span class='ocrx_word' id='word_1_405' title='bbox 990 4082 1181 4158; x_wconf 85' lang='lat' dir='ltr'><em>coniecerim,</em></span> <span class='ocrx_word' id='word_1_406' title='bbox 1203 4101 1267 4145; x_wconf 89' lang='lat' dir='ltr'><em>non</em></span> <span class='ocrx_word' id='word_1_407' title='bbox 1290 4082 1446 4161; x_wconf 76' lang='lat' dir='ltr'><em>inicorum</em></span> <span class='ocrx_word' id='word_1_408' title='bbox 1468 4087 1627 4144; x_wconf 83' lang='lat' dir='ltr'><em>scrnaturrr</em></span> <span class='ocrx_word' id='word_1_409' title='bbox 1649 4077 1725 4145; x_wconf 82' lang='lat' dir='ltr'><em>rst¹.</em></span> <span class='ocrx_word' id='word_1_410' title='bbox 1765 4085 1855 4166; x_wconf 73' lang='lat' dir='ltr'><em>Quod</em></span> <span class='ocrx_word' id='word_1_411' title='bbox 1875 4091 2095 4166; x_wconf 80' lang='lat' dir='ltr'><em>araumcutum</em></span> 
     </span>
     <span class='ocr_line' id='line_1_35' title="bbox 441 4185 1133 4269; baseline -0.003 -17"><span class='ocrx_word' id='word_1_412' title='bbox 441 4207 498 4252; x_wconf 90' lang='lat' dir='ltr'><em>nos</em></span> <span class='ocrx_word' id='word_1_413' title='bbox 519 4189 599 4269; x_wconf 79' lang='lat' dir='ltr'><em>capit</em></span> <span class='ocrx_word' id='word_1_414' title='bbox 621 4187 755 4252; x_wconf 89' lang='lat' dir='ltr'><em>codicem</em></span> <span class='ocrx_word' id='word_1_415' title='bbox 776 4186 871 4251; x_wconf 82' lang='lat' dir='ltr'><em>obessi</em></span> <span class='ocrx_word' id='word_1_416' title='bbox 893 4186 926 4249; x_wconf 98' lang='lat' dir='ltr'><strong><em>A</em></strong></span> <span class='ocrx_word' id='word_1_417' title='bbox 948 4185 1133 4250; x_wconf 86' lang='lat' dir='ltr'><em>adscribere.</em></span> 
     </span>
    </p>
   </div>
   <div class='ocr_carea' id='block_1_5' title="bbox 388 4297 2139 5528">
    <p class='ocr_par' dir='ltr' id='par_1_7' title="bbox 388 4297 2139 5528">
     <span class='ocr_line' id='line_1_36' title="bbox 555 4297 2139 4384; baseline 0.004 -20"><span class='ocrx_word' id='word_1_418' title='bbox 555 4297 596 4365; x_wconf 88' lang='lat' dir='ltr'><em>Ut</em></span> <span class='ocrx_word' id='word_1_419' title='bbox 623 4299 667 4363; x_wconf 90' lang='lat' dir='ltr'><em>ad</em></span> <span class='ocrx_word' id='word_1_420' title='bbox 695 4299 813 4363; x_wconf 88' lang='lat' dir='ltr'><em>codices</em></span> <span class='ocrx_word' id='word_1_421' title='bbox 845 4297 955 4362; x_wconf 85' lang='lat' dir='ltr'><em>classis</em></span> <span class='ocrx_word' id='word_1_422' title='bbox 977 4297 1011 4363; x_wconf 98' lang='grc' dir='ltr'><strong><em>Β</em></strong></span> <span class='ocrx_word' id='word_1_423' title='bbox 1040 4304 1254 4374; x_wconf 78' lang='lat' dir='ltr'><em>trameamus,</em></span> <span class='ocrx_word' id='word_1_424' title='bbox 1288 4298 1407 4361; x_wconf 87' lang='lat' dir='ltr'><em>codices</em></span> <span class='ocrx_word' id='word_1_425' title='bbox 1429 4297 1462 4361; x_wconf 92' lang='grc' dir='ltr'><strong><em>Β</em></strong></span> <span class='ocrx_word' id='word_1_426' title='bbox 1477 4304 1503 4361; x_wconf 93' lang='grc'><em>1.</em></span> <span class='ocrx_word' id='word_1_427' title='bbox 1517 4300 1546 4360; x_wconf 82' lang='lat'><em>2.</em></span> <span class='ocrx_word' id='word_1_428' title='bbox 1565 4301 1628 4363; x_wconf 80' lang='lat'><em>3.4</em></span> <span class='ocrx_word' id='word_1_429' title='bbox 1651 4300 1734 4363; x_wconf 56' lang='lat' dir='ltr'><em>*irrtcr</em></span> <span class='ocrx_word' id='word_1_430' title='bbox 1762 4323 1795 4365; x_wconf 87' lang='lat' dir='ltr'><em>se</em></span> <span class='ocrx_word' id='word_1_431' title='bbox 1821 4308 1891 4366; x_wconf 91' lang='lat' dir='ltr'><em>artc</em></span> <span class='ocrx_word' id='word_1_432' title='bbox 1923 4304 2094 4384; x_wconf 73' lang='lat' dir='ltr'><em>cohaerere,</em></span> <span class='ocrx_word' id='word_1_433' title='bbox 2113 4339 2139 4378; x_wconf 63' lang='lat'><em>³5</em></span> 
     </span>
     <span class='ocr_line' id='line_1_37' title="bbox 443 4401 2095 4483; baseline 0.005 -18"><span class='ocrx_word' id='word_1_434' title='bbox 443 4402 576 4483; x_wconf 80' lang='lat' dir='ltr'><em>itemque</em></span> <span class='ocrx_word' id='word_1_435' title='bbox 598 4402 662 4466; x_wconf 81' lang='lat' dir='ltr'><em>Br</em></span> <span class='ocrx_word' id='word_1_436' title='bbox 686 4408 715 4465; x_wconf 91' lang='lat' dir='ltr'><em>ct</em></span> <span class='ocrx_word' id='word_1_437' title='bbox 736 4401 771 4467; x_wconf 93' lang='grc' dir='ltr'><strong><em>Β</em></strong></span> <span class='ocrx_word' id='word_1_438' title='bbox 783 4405 813 4480; x_wconf 90' lang='lat'><em>8,</em></span> <span class='ocrx_word' id='word_1_439' title='bbox 836 4402 996 4465; x_wconf 88' lang='lat' dir='ltr'><em>artissime</em></span> <span class='ocrx_word' id='word_1_440' title='bbox 1018 4401 1084 4466; x_wconf 80' lang='lat' dir='ltr'><em>Be</em></span> <span class='ocrx_word' id='word_1_441' title='bbox 1107 4407 1136 4466; x_wconf 89' lang='lat' dir='ltr'><em>et</em></span> <span class='ocrx_word' id='word_1_442' title='bbox 1158 4401 1192 4466; x_wconf 91' lang='grc' dir='ltr'><strong><em>Β</em></strong></span> <span class='ocrx_word' id='word_1_443' title='bbox 1206 4407 1254 4479; x_wconf 84' lang='grc'><em>10,</em></span> <span class='ocrx_word' id='word_1_444' title='bbox 1277 4403 1313 4466; x_wconf 89' lang='lat' dir='ltr'><em>in</em></span> <span class='ocrx_word' id='word_1_445' title='bbox 1332 4406 1441 4483; x_wconf 90' lang='lat' dir='ltr'><em>aperto</em></span> <span class='ocrx_word' id='word_1_446' title='bbox 1462 4408 1515 4466; x_wconf 90' lang='grc'><strong>335.</strong></span> <span class='ocrx_word' id='word_1_447' title='bbox 1554 4403 1596 4466; x_wconf 92' lang='lat' dir='ltr'><em>In</em></span> <span class='ocrx_word' id='word_1_448' title='bbox 1617 4404 1834 4471; x_wconf 87' lang='lat' dir='ltr'><em>constituendo</em></span> <span class='ocrx_word' id='word_1_449' title='bbox 1856 4413 1962 4472; x_wconf 82' lang='lat' dir='ltr'><em>erdem</em></span> <span class='ocrx_word' id='word_1_450' title='bbox 1984 4410 2095 4475; x_wconf 90' lang='lat' dir='ltr'><em>ordine</em></span> 
     </span>
     <span class='ocr_line' id='line_1_38' title="bbox 440 4505 2094 4587; baseline 0.006 -19"><span class='ocrx_word' id='word_1_451' title='bbox 440 4505 582 4570; x_wconf 89' lang='lat' dir='ltr'><em>codicum</em></span> <span class='ocrx_word' id='word_1_452' title='bbox 603 4525 672 4570; x_wconf 90' lang='lat' dir='ltr'><em>eam</em></span> <span class='ocrx_word' id='word_1_453' title='bbox 694 4507 848 4570; x_wconf 87' lang='lat' dir='ltr'><em>rationem</em></span> <span class='ocrx_word' id='word_1_454' title='bbox 869 4526 1048 4587; x_wconf 86' lang='lat' dir='ltr'><em>scqnarunr,</em></span> <span class='ocrx_word' id='word_1_455' title='bbox 1072 4512 1109 4570; x_wconf 90' lang='lat' dir='ltr'><em>nt</em></span> <span class='ocrx_word' id='word_1_456' title='bbox 1131 4507 1258 4584; x_wconf 88' lang='lat' dir='ltr'><em>codices,</em></span> <span class='ocrx_word' id='word_1_457' title='bbox 1280 4507 1338 4587; x_wconf 81' lang='lat' dir='ltr'><em>qui</em></span> <span class='ocrx_word' id='word_1_458' title='bbox 1355 4511 1475 4570; x_wconf 82' lang='lat' dir='ltr'><em>tectum</em></span> <span class='ocrx_word' id='word_1_459' title='bbox 1491 4506 1565 4571; x_wconf 88' lang='lat' dir='ltr'><em>libri</em></span> <span class='ocrx_word' id='word_1_460' title='bbox 1579 4509 1838 4574; x_wconf 87' lang='lat' dir='ltr'><em>constitutionum</em></span> <span class='ocrx_word' id='word_1_461' title='bbox 1853 4514 1912 4575; x_wconf 85' lang='grc'><strong>105</strong></span> <span class='ocrx_word' id='word_1_462' title='bbox 1929 4511 2094 4578; x_wconf 84' lang='lat' dir='ltr'><em>titulorum</em></span> 
     </span>
     <span class='ocr_line' id='line_1_39' title="bbox 440 4608 2093 4697; baseline 0.006 -25"><span class='ocrx_word' id='word_1_463' title='bbox 440 4608 672 4690; x_wconf 74' lang='lat' dir='ltr'><em>amplificatum</em></span> <span class='ocrx_word' id='word_1_464' title='bbox 687 4609 809 4687; x_wconf 80' lang='lat' dir='ltr'><em>liabent,</em></span> <span class='ocrx_word' id='word_1_465' title='bbox 832 4610 883 4685; x_wconf 89' lang='lat' dir='ltr'><em>iis,</em></span> <span class='ocrx_word' id='word_1_466' title='bbox 905 4611 961 4689; x_wconf 77' lang='lat' dir='ltr'><em>pai</em></span> <span class='ocrx_word' id='word_1_467' title='bbox 983 4609 1027 4672; x_wconf 90' lang='lat' dir='ltr'><em>ad</em></span> <span class='ocrx_word' id='word_1_468' title='bbox 1040 4610 1181 4690; x_wconf 87' lang='lat' dir='ltr'><em>priorem</em></span> <span class='ocrx_word' id='word_1_469' title='bbox 1200 4615 1319 4674; x_wconf 87' lang='lat' dir='ltr'><em>statura</em></span> <span class='ocrx_word' id='word_1_470' title='bbox 1333 4615 1428 4690; x_wconf 67' lang='lat' dir='ltr'><em>ablue</em></span> <span class='ocrx_word' id='word_1_471' title='bbox 1442 4609 1682 4690; x_wconf 85' lang='lat' dir='ltr'><em>amplitudinem</em></span> <span class='ocrx_word' id='word_1_472' title='bbox 1698 4611 1772 4676; x_wconf 90' lang='lat' dir='ltr'><em>libri</em></span> <span class='ocrx_word' id='word_1_473' title='bbox 1780 4615 1917 4695; x_wconf 74' lang='lat' dir='ltr'><em>proprius</em></span> <span class='ocrx_word' id='word_1_474' title='bbox 1930 4617 2093 4697; x_wconf 89' lang='lat' dir='ltr'><em>accedunt,</em></span> 
     </span>
     <span class='ocr_line' id='line_1_40' title="bbox 435 4713 2094 4799; baseline 0.006 -23"><span class='ocrx_word' id='word_1_475' title='bbox 435 4717 672 4794; x_wconf 85' lang='lat' dir='ltr'><em>postponamus.</em></span> <span class='ocrx_word' id='word_1_476' title='bbox 718 4713 752 4777; x_wconf 93' lang='grc' dir='ltr'><strong><em>Β</em></strong></span> <span class='ocrx_word' id='word_1_477' title='bbox 766 4717 793 4792; x_wconf 83' lang='grc'><em>1,</em></span> <span class='ocrx_word' id='word_1_478' title='bbox 815 4714 900 4794; x_wconf 78' lang='lat' dir='ltr'><em>qaod</em></span> <span class='ocrx_word' id='word_1_479' title='bbox 925 4713 1017 4777; x_wconf 87' lang='lat' dir='ltr'><em>verba</em></span> <span class='ocrx_word' id='word_1_480' title='bbox 1043 4715 1179 4778; x_wconf 83' lang='lat' dir='ltr'><em>ruaairnc</em></span> <span class='ocrx_word' id='word_1_481' title='bbox 1207 4720 1358 4797; x_wconf 87' lang='lat' dir='ltr'><em>corrupta</em></span> <span class='ocrx_word' id='word_1_482' title='bbox 1387 4720 1482 4796; x_wconf 81' lang='lat' dir='ltr'><em>atque</em></span> <span class='ocrx_word' id='word_1_483' title='bbox 1503 4714 1694 4781; x_wconf 81' lang='lat' dir='ltr'><em>brcanaram</em></span> <span class='ocrx_word' id='word_1_484' title='bbox 1711 4715 1808 4799; x_wconf 82' lang='lat' dir='ltr'><em>ptam</em></span> <span class='ocrx_word' id='word_1_485' title='bbox 1824 4719 1969 4799; x_wconf 87' lang='lat' dir='ltr'><em>praebet,</em></span> <span class='ocrx_word' id='word_1_486' title='bbox 1992 4725 2094 4786; x_wconf 87' lang='lat' dir='ltr'><em>aetate</em></span> 
     </span>
     <span class='ocr_line' id='line_1_41' title="bbox 441 4816 2139 4898; baseline 0.008 -17"><span class='ocrx_word' id='word_1_487' title='bbox 441 4816 565 4881; x_wconf 84' lang='lat' dir='ltr'><em>uidetur</em></span> <span class='ocrx_word' id='word_1_488' title='bbox 597 4817 701 4882; x_wconf 88' lang='lat' dir='ltr'><em>maiar</em></span> <span class='ocrx_word' id='word_1_489' title='bbox 728 4837 792 4880; x_wconf 87' lang='lat' dir='ltr'><em>esse</em></span> <span class='ocrx_word' id='word_1_490' title='bbox 819 4837 915 4898; x_wconf 77' lang='lat' dir='ltr'><em>qaam</em></span> <span class='ocrx_word' id='word_1_491' title='bbox 943 4817 1062 4880; x_wconf 90' lang='lat' dir='ltr'><em>codices</em></span> <span class='ocrx_word' id='word_1_492' title='bbox 1084 4817 1236 4882; x_wconf 82' lang='lat' dir='ltr'><em>Br-r.</em></span> <span class='ocrx_word' id='word_1_493' title='bbox 1293 4817 1442 4884; x_wconf 81' lang='lat' dir='ltr'><em>Codicum</em></span> <span class='ocrx_word' id='word_1_494' title='bbox 1469 4818 1535 4883; x_wconf 79' lang='grc' dir='ltr'><strong><em>Β2</em></strong></span> <span class='ocrx_word' id='word_1_495' title='bbox 1562 4826 1591 4884; x_wconf 83' lang='grc'><em>35</em></span> <span class='ocrx_word' id='word_1_496' title='bbox 1613 4821 1678 4885; x_wconf 90' lang='grc' dir='ltr'><strong><em>Β3</em></strong></span> <span class='ocrx_word' id='word_1_497' title='bbox 1708 4820 1843 4886; x_wconf 77' lang='lat' dir='ltr'><em>aduam</em></span> <span class='ocrx_word' id='word_1_498' title='bbox 1869 4823 2002 4890; x_wconf 73' lang='lat' dir='ltr'><em>acerras</em></span> <span class='ocrx_word' id='word_1_499' title='bbox 2029 4847 2094 4892; x_wconf 89' lang='lat' dir='ltr'><em>csse</em></span> <span class='ocrx_word' id='word_1_500' title='bbox 2112 4856 2139 4895; x_wconf 82' lang='grc'><em>33</em></span> 
     </span>
     <span class='ocr_line' id='line_1_42' title="bbox 388 4921 2094 5010; baseline 0.007 -26"><span class='ocrx_word' id='word_1_501' title='bbox 388 4941 389 4946; x_wconf 68' lang='grc'>’</span> <span class='ocrx_word' id='word_1_502' title='bbox 442 4921 667 5002; x_wconf 84' lang='lat' dir='ltr'><em>apoprapbum,</em></span> <span class='ocrx_word' id='word_1_503' title='bbox 690 4922 791 4986; x_wconf 89' lang='lat' dir='ltr'><em>statui</em></span> <span class='ocrx_word' id='word_1_504' title='bbox 811 4941 876 4986; x_wconf 89' lang='lat' dir='ltr'><em>non</em></span> <span class='ocrx_word' id='word_1_505' title='bbox 892 4926 1017 5002; x_wconf 88' lang='lat' dir='ltr'><em>potcst,·</em></span> <span class='ocrx_word' id='word_1_506' title='bbox 1047 4922 1175 5002; x_wconf 79' lang='lat' dir='ltr'><em>utrique</em></span> <span class='ocrx_word' id='word_1_507' title='bbox 1190 4923 1395 5005; x_wconf 77' lang='lat' dir='ltr'><em>propinquus</em></span> <span class='ocrx_word' id='word_1_508' title='bbox 1416 4928 1462 4987; x_wconf 89' lang='lat' dir='ltr'><em>est</em></span> <span class='ocrx_word' id='word_1_509' title='bbox 1488 4923 1584 4988; x_wconf 79' lang='lat' dir='ltr'><em>codex</em></span> <span class='ocrx_word' id='word_1_510' title='bbox 1605 4924 1639 4988; x_wconf 91' lang='grc' dir='ltr'><strong><em>Β</em></strong></span> <span class='ocrx_word' id='word_1_511' title='bbox 1651 4929 1680 5001; x_wconf 80' lang='lat' dir='ltr'><em>i,</em></span> <span class='ocrx_word' id='word_1_512' title='bbox 1703 4925 1864 4990; x_wconf 86' lang='lat' dir='ltr'><em>rrorrnultis</em></span> <span class='ocrx_word' id='word_1_513' title='bbox 1886 4933 1991 4993; x_wconf 91' lang='lat' dir='ltr'><em>tamen</em></span> <span class='ocrx_word' id='word_1_514' title='bbox 2012 4949 2094 5010; x_wconf 82' lang='lat' dir='ltr'><em>quae</em></span> 
     </span>
     <span class='ocr_line' id='line_1_43' title="bbox 441 5023 2094 5112; baseline 0.005 -22"><span class='ocrx_word' id='word_1_515' title='bbox 441 5027 470 5090; x_wconf 92' lang='lat' dir='ltr'><em>ei</em></span> <span class='ocrx_word' id='word_1_516' title='bbox 491 5027 628 5106; x_wconf 86' lang='lat' dir='ltr'><em>propria</em></span> <span class='ocrx_word' id='word_1_517' title='bbox 657 5031 733 5089; x_wconf 83' lang='lat' dir='ltr'><em>saort</em></span> <span class='ocrx_word' id='word_1_518' title='bbox 760 5025 966 5090; x_wconf 78' lang='lat' dir='ltr'><em>exstantibus.</em></span> <span class='ocrx_word' id='word_1_519' title='bbox 1010 5023 1077 5088; x_wconf 91' lang='grc' dir='ltr'><em>Β5</em></span> <span class='ocrx_word' id='word_1_520' title='bbox 1099 5025 1237 5106; x_wconf 73' lang='lat' dir='ltr'><em>proppius</em></span> <span class='ocrx_word' id='word_1_521' title='bbox 1265 5026 1384 5090; x_wconf 90' lang='lat' dir='ltr'><em>accedit</em></span> <span class='ocrx_word' id='word_1_522' title='bbox 1410 5027 1455 5090; x_wconf 92' lang='lat' dir='ltr'><em>ad</em></span> <span class='ocrx_word' id='word_1_523' title='bbox 1483 5027 1602 5091; x_wconf 87' lang='lat' dir='ltr'><em>codices</em></span> <span class='ocrx_word' id='word_1_524' title='bbox 1628 5027 1817 5109; x_wconf 68' lang='lat' dir='ltr'><em>amplificati</em></span> <span class='ocrx_word' id='word_1_525' title='bbox 1843 5037 2023 5112; x_wconf 79' lang='lat' dir='ltr'><em>contectus;</em></span> <span class='ocrx_word' id='word_1_526' title='bbox 2056 5040 2094 5098; x_wconf 92' lang='lat' dir='ltr'><em>ut</em></span> 
     </span>
     <span class='ocr_line' id='line_1_44' title="bbox 440 5129 2091 5217; baseline 0.005 -23"><span class='ocrx_word' id='word_1_527' title='bbox 440 5129 508 5194; x_wconf 87' lang='lat' dir='ltr'><em>Bb</em></span> <span class='ocrx_word' id='word_1_528' title='bbox 531 5131 579 5194; x_wconf 88' lang='lat' dir='ltr'><em>ila</em></span> <span class='ocrx_word' id='word_1_529' title='bbox 601 5130 696 5195; x_wconf 82' lang='lat' dir='ltr'><em>codsa</em></span> <span class='ocrx_word' id='word_1_530' title='bbox 710 5129 777 5194; x_wconf 90' lang='grc' dir='ltr'><em>Β5</em></span> <span class='ocrx_word' id='word_1_531' title='bbox 800 5129 892 5194; x_wconf 90' lang='lat' dir='ltr'><em>ocrba</em></span> <span class='ocrx_word' id='word_1_532' title='bbox 913 5129 1003 5194; x_wconf 82' lang='lat' dir='ltr'><em>ualde</em></span> <span class='ocrx_word' id='word_1_533' title='bbox 1023 5134 1174 5211; x_wconf 86' lang='lat' dir='ltr'><em>corrupta</em></span> <span class='ocrx_word' id='word_1_534' title='bbox 1190 5130 1332 5211; x_wconf 86' lang='lat' dir='ltr'><em>praebet.</em></span> <span class='ocrx_word' id='word_1_535' title='bbox 1378 5131 1469 5213; x_wconf 69' lang='lat' dir='ltr'><em>erod</em></span> <span class='ocrx_word' id='word_1_536' title='bbox 1490 5132 1535 5196; x_wconf 92' lang='lat' dir='ltr'><em>ad</em></span> <span class='ocrx_word' id='word_1_537' title='bbox 1548 5130 1614 5196; x_wconf 84' lang='lat' dir='ltr'><em>Bo</em></span> <span class='ocrx_word' id='word_1_538' title='bbox 1636 5131 1758 5210; x_wconf 90' lang='lat' dir='ltr'><em>attirrct,</em></span> <span class='ocrx_word' id='word_1_539' title='bbox 1781 5135 1915 5214; x_wconf 74' lang='lat' dir='ltr'><em>scriptor</em></span> <span class='ocrx_word' id='word_1_540' title='bbox 1930 5135 2091 5217; x_wconf 87' lang='lat' dir='ltr'><em>librarius,</em></span> 
     </span>
     <span class='ocr_line' id='line_1_45' title="bbox 439 5235 2092 5319; baseline 0.002 -18"><span class='ocrx_word' id='word_1_541' title='bbox 439 5256 572 5318; x_wconf 79' lang='lat' dir='ltr'><em>quoram</em></span> <span class='ocrx_word' id='word_1_542' title='bbox 602 5235 739 5302; x_wconf 79' lang='grc'><strong>53333333</strong></span> <span class='ocrx_word' id='word_1_543' title='bbox 767 5237 922 5301; x_wconf 84' lang='lat' dir='ltr'><em>sententia</em></span> <span class='ocrx_word' id='word_1_544' title='bbox 951 5237 980 5301; x_wconf 90' lang='lat' dir='ltr'><em>ei</em></span> <span class='ocrx_word' id='word_1_545' title='bbox 1009 5256 1074 5300; x_wconf 84' lang='lat' dir='ltr'><em>rron</em></span> <span class='ocrx_word' id='word_1_546' title='bbox 1096 5242 1207 5316; x_wconf 88' lang='lat' dir='ltr'><em>aperta</em></span> <span class='ocrx_word' id='word_1_547' title='bbox 1228 5235 1401 5314; x_wconf 85' lang='lat' dir='ltr'><em>videbatur,</em></span> <span class='ocrx_word' id='word_1_548' title='bbox 1425 5256 1475 5299; x_wconf 90' lang='lat' dir='ltr'><em>eos</em></span> <span class='ocrx_word' id='word_1_549' title='bbox 1497 5235 1660 5300; x_wconf 87' lang='lat' dir='ltr'><em>emendare</em></span> <span class='ocrx_word' id='word_1_550' title='bbox 1681 5241 1814 5300; x_wconf 84' lang='lat' dir='ltr'><em>cmratns</em></span> <span class='ocrx_word' id='word_1_551' title='bbox 1835 5258 1930 5317; x_wconf 84' lang='lat' dir='ltr'><em>quam</em></span> <span class='ocrx_word' id='word_1_552' title='bbox 1946 5239 2092 5319; x_wconf 84' lang='lat' dir='ltr'><em>plurinra</em></span> 
     </span>
     <span class='ocr_line' id='line_1_46' title="bbox 439 5339 2136 5422; baseline 0.005 -18"><span class='ocrx_word' id='word_1_553' title='bbox 439 5341 583 5418; x_wconf 77' lang='lat' dir='ltr'><em>mutavit,</em></span> <span class='ocrx_word' id='word_1_554' title='bbox 606 5360 688 5422; x_wconf 82' lang='lat' dir='ltr'><em>qaae</em></span> <span class='ocrx_word' id='word_1_555' title='bbox 710 5341 817 5404; x_wconf 86' lang='lat' dir='ltr'><em>orrrrria</em></span> <span class='ocrx_word' id='word_1_556' title='bbox 838 5344 914 5404; x_wconf 88' lang='lat' dir='ltr'><em>sunt</em></span> <span class='ocrx_word' id='word_1_557' title='bbox 935 5340 1052 5420; x_wconf 69' lang='lat' dir='ltr'><em>inmota.</em></span> <span class='ocrx_word' id='word_1_558' title='bbox 1091 5339 1153 5404; x_wconf 81' lang='lat' dir='ltr'><em>Sed</em></span> <span class='ocrx_word' id='word_1_559' title='bbox 1166 5345 1203 5404; x_wconf 89' lang='lat' dir='ltr'><em>ut</em></span> <span class='ocrx_word' id='word_1_560' title='bbox 1218 5340 1333 5420; x_wconf 81' lang='lat' dir='ltr'><em>quanti</em></span> <span class='ocrx_word' id='word_1_561' title='bbox 1347 5341 1447 5420; x_wconf 87' lang='lat' dir='ltr'><em>pretii</em></span> <span class='ocrx_word' id='word_1_562' title='bbox 1461 5345 1539 5404; x_wconf 88' lang='lat' dir='ltr'><em>esset</em></span> <span class='ocrx_word' id='word_1_563' title='bbox 1555 5339 1650 5404; x_wconf 84' lang='lat' dir='ltr'><em>codea</em></span> <span class='ocrx_word' id='word_1_564' title='bbox 1666 5346 1907 5421; x_wconf 79' lang='lat' dir='ltr'><em>capnoscerctnr,</em></span> <span class='ocrx_word' id='word_1_565' title='bbox 1928 5341 2136 5412; x_wconf 69' lang='lat' dir='ltr'><em>comitates</em></span> 
     </span>
     <span class='ocr_line' id='line_1_47' title="bbox 439 5443 2092 5528; baseline 0.003 -20"><span class='ocrx_word' id='word_1_566' title='bbox 439 5443 604 5528; x_wconf 79' lang='lat' dir='ltr'><em>dilipenter</em></span> <span class='ocrx_word' id='word_1_567' title='bbox 625 5443 714 5524; x_wconf 77' lang='lat' dir='ltr'><em>facta</em></span> <span class='ocrx_word' id='word_1_568' title='bbox 736 5464 815 5524; x_wconf 90' lang='lat' dir='ltr'><em>opus</em></span> <span class='ocrx_word' id='word_1_569' title='bbox 837 5449 921 5521; x_wconf 89' lang='lat' dir='ltr'><em>crat;</em></span> <span class='ocrx_word' id='word_1_570' title='bbox 943 5443 1088 5521; x_wconf 87' lang='lat' dir='ltr'><em>Btubmc,</em></span> <span class='ocrx_word' id='word_1_571' title='bbox 1112 5445 1196 5526; x_wconf 83' lang='lat' dir='ltr'><em>qnod</em></span> <span class='ocrx_word' id='word_1_572' title='bbox 1217 5445 1370 5510; x_wconf 88' lang='lat' dir='ltr'><em>eiusmodi</em></span> <span class='ocrx_word' id='word_1_573' title='bbox 1392 5443 1555 5509; x_wconf 68' lang='lat' dir='ltr'><em>callidicus</em></span> <span class='ocrx_word' id='word_1_574' title='bbox 1575 5444 1709 5522; x_wconf 90' lang='lat' dir='ltr'><em>carebat,</em></span> <span class='ocrx_word' id='word_1_575' title='bbox 1732 5445 1848 5510; x_wconf 86' lang='lat' dir='ltr'><em>codicis</em></span> <span class='ocrx_word' id='word_1_576' title='bbox 1862 5445 1997 5512; x_wconf 82' lang='lat' dir='ltr'><em>indolem</em></span> <span class='ocrx_word' id='word_1_577' title='bbox 2011 5453 2092 5513; x_wconf 90' lang='lat' dir='ltr'><em>recte</em></span> 
     </span>
    </p>
   </div>
   <div class='ocr_carea' id='block_1_6' title="bbox 436 5645 2092 5925">
    <p class='ocr_par' dir='ltr' id='par_1_8' title="bbox 436 5645 2092 5925">
     <span class='ocr_line' id='line_1_48' title="bbox 542 5645 2092 5720; baseline 0.003 -20"><span class='ocrx_word' id='word_1_578' title='bbox 542 5647 568 5713; x_wconf 93' lang='lat' dir='ltr'><em>l)</em></span> <span class='ocrx_word' id='word_1_579' title='bbox 586 5647 624 5700; x_wconf 92' lang='lat' dir='ltr'><em>In</em></span> <span class='ocrx_word' id='word_1_580' title='bbox 646 5647 730 5701; x_wconf 82' lang='lat' dir='ltr'><em>cadim</em></span> <span class='ocrx_word' id='word_1_581' title='bbox 748 5647 799 5700; x_wconf 83' lang='lat' dir='ltr'><em>Bb</em></span> <span class='ocrx_word' id='word_1_582' title='bbox 821 5645 887 5700; x_wconf 85' lang='lat' dir='ltr'><em>deest</em></span> <span class='ocrx_word' id='word_1_583' title='bbox 908 5646 1002 5701; x_wconf 86' lang='lat' dir='ltr'><em>titulus</em></span> <span class='ocrx_word' id='word_1_584' title='bbox 1014 5648 1055 5702; x_wconf 78' lang='grc'><em>70.</em></span> <span class='ocrx_word' id='word_1_585' title='bbox 1080 5648 1136 5716; x_wconf 75' lang='lat' dir='ltr'><em>aui,</em></span> <span class='ocrx_word' id='word_1_586' title='bbox 1159 5664 1220 5702; x_wconf 89' lang='lat' dir='ltr'><em>cum</em></span> <span class='ocrx_word' id='word_1_587' title='bbox 1242 5648 1330 5702; x_wconf 86' lang='lat' dir='ltr'><em>maior</em></span> <span class='ocrx_word' id='word_1_588' title='bbox 1346 5653 1422 5715; x_wconf 86' lang='lat' dir='ltr'><em>esset,</em></span> <span class='ocrx_word' id='word_1_589' title='bbox 1445 5663 1526 5715; x_wconf 78' lang='lat' dir='ltr'><em>auam</em></span> <span class='ocrx_word' id='word_1_590' title='bbox 1543 5653 1575 5701; x_wconf 88' lang='lat' dir='ltr'><em>ut</em></span> <span class='ocrx_word' id='word_1_591' title='bbox 1591 5649 1684 5716; x_wconf 88' lang='lat' dir='ltr'><em>abeo,</em></span> <span class='ocrx_word' id='word_1_592' title='bbox 1710 5648 1758 5716; x_wconf 82' lang='lat' dir='ltr'><em>qui</em></span> <span class='ocrx_word' id='word_1_593' title='bbox 1774 5649 1898 5720; x_wconf 79' lang='lat' dir='ltr'><em>correcd,</em></span> <span class='ocrx_word' id='word_1_594' title='bbox 1926 5651 1956 5704; x_wconf 90' lang='lat' dir='ltr'><em>in</em></span> <span class='ocrx_word' id='word_1_595' title='bbox 1974 5651 2092 5720; x_wconf 72' lang='lat' dir='ltr'><em>rrrarpine</em></span> 
     </span>
     <span class='ocr_line' id='line_1_49' title="bbox 438 5749 2089 5825; baseline 0.002 -19"><span class='ocrx_word' id='word_1_596' title='bbox 438 5749 502 5806; x_wconf 85' lang='lat' dir='ltr'><em>addi</em></span> <span class='ocrx_word' id='word_1_597' title='bbox 514 5756 614 5819; x_wconf 84' lang='lat' dir='ltr'><em>posset,</em></span> <span class='ocrx_word' id='word_1_598' title='bbox 637 5759 669 5808; x_wconf 88' lang='lat' dir='ltr'><em>at</em></span> <span class='ocrx_word' id='word_1_599' title='bbox 684 5753 786 5820; x_wconf 81' lang='lat' dir='ltr'><em>sactum</em></span> <span class='ocrx_word' id='word_1_600' title='bbox 802 5757 838 5807; x_wconf 90' lang='lat' dir='ltr'><em>est</em></span> <span class='ocrx_word' id='word_1_601' title='bbox 855 5753 886 5805; x_wconf 86' lang='lat' dir='ltr'><em>in</em></span> <span class='ocrx_word' id='word_1_602' title='bbox 903 5752 989 5808; x_wconf 85' lang='lat' dir='ltr'><em>titulis</em></span> <span class='ocrx_word' id='word_1_603' title='bbox 1006 5753 1213 5822; x_wconf 68' lang='lat' dir='ltr'><em>momentaneam</em></span> <span class='ocrx_word' id='word_1_604' title='bbox 1229 5754 1292 5808; x_wconf 86' lang='lat' dir='ltr'><em>locis</em></span> <span class='ocrx_word' id='word_1_605' title='bbox 1309 5753 1409 5808; x_wconf 84' lang='lat' dir='ltr'><em>codicis</em></span> <span class='ocrx_word' id='word_1_606' title='bbox 1427 5754 1455 5808; x_wconf 89' lang='lat' dir='ltr'><em>B</em></span> <span class='ocrx_word' id='word_1_607' title='bbox 1467 5755 1492 5821; x_wconf 90' lang='grc'><strong>5,</strong></span> <span class='ocrx_word' id='word_1_608' title='bbox 1513 5754 1625 5808; x_wconf 72' lang='lat' dir='ltr'><em>omasus</em></span> <span class='ocrx_word' id='word_1_609' title='bbox 1643 5757 1692 5816; x_wconf 84' lang='lat' dir='ltr'><em>est;</em></span> <span class='ocrx_word' id='word_1_610' title='bbox 1719 5768 1778 5806; x_wconf 87' lang='lat' dir='ltr'><em>eam</em></span> <span class='ocrx_word' id='word_1_611' title='bbox 1794 5752 1873 5808; x_wconf 76' lang='lat' dir='ltr'><em>aum</em></span> <span class='ocrx_word' id='word_1_612' title='bbox 1891 5754 1922 5808; x_wconf 89' lang='lat' dir='ltr'><em>in</em></span> <span class='ocrx_word' id='word_1_613' title='bbox 1938 5755 2089 5825; x_wconf 79' lang='lat' dir='ltr'><em>exemplari,</em></span> 
     </span>
     <span class='ocr_line' id='line_1_50' title="bbox 436 5855 1350 5925; baseline 0.005 -17"><span class='ocrx_word' id='word_1_614' title='bbox 436 5869 489 5922; x_wconf 80' lang='lat' dir='ltr'><em>qno</em></span> <span class='ocrx_word' id='word_1_615' title='bbox 505 5855 550 5908; x_wconf 82' lang='lat' dir='ltr'><em>ille</em></span> <span class='ocrx_word' id='word_1_616' title='bbox 566 5855 603 5908; x_wconf 87' lang='lat' dir='ltr'><em>cd</em></span> <span class='ocrx_word' id='word_1_617' title='bbox 619 5855 802 5925; x_wconf 66' lang='lat' dir='ltr'><em>cunipertum</em></span> <span class='ocrx_word' id='word_1_618' title='bbox 819 5871 887 5909; x_wconf 85' lang='lat' dir='ltr'><em>usus</em></span> <span class='ocrx_word' id='word_1_619' title='bbox 904 5859 949 5923; x_wconf 80' lang='lat' dir='ltr'><em>est,</em></span> <span class='ocrx_word' id='word_1_620' title='bbox 966 5855 1089 5925; x_wconf 74' lang='lat' dir='ltr'><em>defuisse,</em></span> <span class='ocrx_word' id='word_1_621' title='bbox 1108 5857 1154 5911; x_wconf 80' lang='lat' dir='ltr'><em>ria</em></span> <span class='ocrx_word' id='word_1_622' title='bbox 1171 5855 1242 5911; x_wconf 86' lang='lat' dir='ltr'><em>credi</em></span> <span class='ocrx_word' id='word_1_623' title='bbox 1256 5861 1350 5925; x_wconf 81' lang='lat' dir='ltr'><em>potest.</em></span> 
     </span>
    </p>
   </div>
   <div class='ocr_carea' id='block_1_7' title="bbox 0 0 2250 6633">
    <p class='ocr_par' dir='ltr' id='par_1_9' title="bbox 0 0 2250 6633">
     <span class='ocr_line' id='line_1_51' title="bbox 0 0 2250 6633; baseline 0 0"><span class='ocrx_word' id='word_1_624' title='bbox 0 0 2250 6633; x_wconf 95' lang='lat' dir='ltr'><em> </em></span> 
     </span>
    </p>
   </div>
  </div>
 </body>
</html>
