4418 6652
609 571 724 627 LEGES
744 569 1050 628 BURGUNDIONUM.
1069 603 1102 612 -
1121 570 1299 626 TABVLAE.

160 742 287 798 XXXIV.
315 743 355 797 De
373 742 509 798 divortiis.
1040 745 1112 800 XXI.
1141 745 1181 799 De
1199 742 1333 799 dIvortiis.

176 829 289 884 XXXV.
317 829 357 884 De
382 847 522 884 servomm
548 829 704 900 suppliciis,
730 831 778 900 qui
802 831 931 902 ingenuis
987 831 1043 898 (Ἰν,
1062 831 1094 886 L.
1117 831 1195 885 Rom.
1213 831 1251 884 Iit.
1267 831 1308 897 19,
1319 831 1343 884 3.

348 915 510 971 mulieribus
528 916 584 971 vim
604 916 718 987 pudoris
736 917 892 972 intulerint.

159 1002 286 1056 XXXVI.
316 1002 356 1057 De
375 1001 475 1057 incesti
494 1002 640 1058 adulterio.
676 1003 800 1071 (Nouello
818 1005 882 1072 lenc.)
985 1037 1019 1044 -

142 1089 286 1144 XXXVII.
315 1088 355 1142 De
374 1089 474 1143 educto
492 1089 596 1160 gladio.
987 1091 1043 1158 (Σίν.
1065 1090 1100 1144 1..
1121 1091 1199 1145 Rom.
1217 1094 1256 1144 tit.
1270 1092 1293 1143 5.

128 1175 288 1230 XXXVIII.
316 1175 355 1230 De
384 1175 581 1246 hospitalitate
608 1177 710 1248 legatis
737 1180 932 1232 extranearum
986 1209 1017 1218 -

348 1263 476 1332 gentium
486 1266 515 1318 et
524 1262 786 1318 itinerantibusnon
794 1263 931 1332 neganda.

160 1348 288 1402 XXXIX.
317 1349 356 1403 De
374 1349 495 1419 receptis
513 1349 636 1404 advenis.
987 1350 1043 1417 Osr.
1061 1348 1095 1404 L.
1116 1348 1192 1404 Rom.
1211 1349 1287 1404 titt.

232 1435 287 1490 XL.
317 1435 356 1489 Ile
373 1435 645 1491 manumissionibus.
673 1436 798 1504 (Nouello
810 1438 865 1504 lena·
883 1438 931 1504 cfr.
986 1467 1017 1476 -

352 1520 411 1577 Lab.
429 1528 510 1576 corut.
529 1523 569 1576 tit.
583 1523 723 1591 sotus.)

216 1608 286 1663 XLI.
315 1608 355 1664 De
374 1609 508 1664 messibus
526 1607 655 1664 incendio
674 1609 865 1664 concrematis.
987 1606 1040 1673 Cfr.
1060 1606 1093 1660 L.
1113 1607 1191 1661 Rom.
1210 1607 1251 1662 tir.
1266 1608 1307 1672 18,
1317 1607 1341 1660 4.

207 1695 291 1750 XLII.
319 1695 359 1750 De
378 1696 582 1751 hereditatibus
601 1712 706 1761 eorum,
725 1696 774 1764 qui
792 1697 851 1752 sine
869 1697 934 1751 filiis
988 1724 1018 1732 —

302 1800 306 1808 ·
349 1781 512 1837 moriuntur.
550 1782 675 1850 (Nouello
697 1783 738 1836 lca
760 1786 933 1851 o.501;csr.

348 1868 407 1922 Isth.
425 1875 504 1924 const
525 1871 565 1924 tit.
577 1871 620 1925 24.
629 1871 671 1925 62.
682 1869 738 1940 74.)

193 1953 289 2009 XLIII.
316 1954 356 2009 Dc
375 1955 579 2012 donationibus.
1026 1953 1115 2010 XXII.
1142 1956 1182 2009 Dc
1201 1953 1407 2010 donationibus.

193 2041 289 2096 XLIV.
316 2041 355 2094 De
379 2040 525 2098 adulteriis
550 2043 705 2114 puellarum
728 2048 758 2099 et
779 2044 933 2098 viduarum.
987 2070 1019 2078 -

349 2127 491 2196 (Fortasse
507 2131 611 2184 novella
629 2131 690 2194 lca.)

205 2213 287 2268 XLV.
316 2213 356 2268 De
375 2214 430 2277 his,
454 2215 503 2284 qui
521 2215 631 2272 obiecta
649 2217 703 2272 sibi
721 2216 888 2287 negaverint
906 2221 934 2272 et
1014 2214 1115 2269 XXIII.
1143 2215 1182 2271 De
1201 2218 1391 2272 sacramentis.

352 2301 541 2370 praebendum
560 2303 715 2359 obtulerint
733 2303 933 2359 iusiurandum.

192 2386 290 2440 XLVI.
317 2386 357 2441 De
384 2387 439 2454 his,
470 2390 519 2458 qui
548 2394 675 2446 tensurus
702 2391 738 2446 ad
768 2390 933 2447 occidendos
987 2419 1020 2428 -

353 2473 434 2544 lupos
452 2475 605 2544 posuerint.
641 2477 766 2544 (Nor-cua
784 2479 847 2547 lex.)

180 2558 292 2614 XLVII.
320 2559 360 2614 De
388 2561 621 2619 condemnatione
648 2564 788 2619 latronum
817 2583 933 2619 uxorum
1016 2562 1116 2617 XXIV.
1143 2564 1183 2617 De
1202 2563 1357 2620 latronibus
1376 2565 1519 2620 convictis.

350 2665 461 2716 quoque
479 2665 592 2704 suarum
610 2653 639 2705 et
657 2649 783 2706 filiorum.

161 2731 288 2787 XLVIII.
315 2733 355 2787 De
381 2733 495 2789 inflictis
522 2736 691 2792 vulneribus.
726 2737 852 2802 (Novello
879 2739 934 2806 Ian
989 2736 1293 2804 mauriennae.

347 2820 396 2886 cfr.
414 2827 498 2875 const.
515 2828 663 2893 astruat.)

190 2904 286 2958 XLIX.
315 2905 356 2960 De
375 2907 544 2964 animalibus
562 2910 695 2966 damnum
715 2911 884 2967 facientibus
905 2916 935 2966 et
989 2909 1044 2976 (Jfr.
1064 2911 1097 2965 L.
1117 2911 1194 2966 Rom.
1212 2913 1253 2967 tit.
1267 2915 1307 2967 13.

347 2992 377 3047 in
405 2994 515 3050 clusura
537 2995 628 3052 missis
650 3015 699 3054 seu
726 2998 843 3053 caballis
871 3015 933 3068 per·

348 3080 526 3150 vagantibus.

257 3163 294 3219 L.¹
315 3165 354 3220 De
373 3166 470 3221 occisis
488 3169 637 3235 actoribus,
656 3174 715 3226 tam
730 3171 825 3242 regiae
838 3172 935 3226 domus
988 3199 1019 3208 -

349 3269 433 3320 quam
459 3253 640 3323 privatorum.
681 3257 806 3324 (Novella
831 3259 872 3312 lca
898 3257 935 3311 ud

350 3339 410 3394 Lib.
430 3345 513 3396 canet.
532 3343 570 3397 tit.
583 3345 620 3412 2.)

128 3424 192 3492 Ost.
214 3423 273 3479 Lib.
292 3431 372 3479 const
391 3427 430 3480 tic.
444 3427 486 3494 68,
505 3428 577 3481 rubr.
1029 3425 1115 3481 XXV.
1142 3427 1182 3481 De
1203 3430 1356 3486 adulteriis.

245 3511 288 3565 LI.
316 3512 356 3566 De
366 3513 417 3578 his,
431 3513 480 3582 qui
489 3515 599 3570 debitas
608 3514 672 3569 filiis
682 3515 857 3572 substantiae
868 3534 934 3572 suae
1016 3513 1114 3568 XXVI.
1143 3516 1183 3570 De
1205 3517 1260 3582 his,
1288 3519 1336 3587 qui
1360 3518 1470 3573 debitas
1497 3516 1561 3571 filiis
1584 3517 1618 3572 de
1651 3515 1785 3570 maternis

350 3617 406 3654 non
425 3601 594 3656 tradiderint
612 3602 762 3672 portiones.
960 3613 963 3641 ¹
1175 3601 1255 3657 bouis
1273 3623 1329 3659 non
1348 3603 1516 3660 tradiderint
1533 3603 1683 3674 portiones.

230 3685 287 3740 LII.
315 3685 355 3740 De
385 3687 547 3744 muIIeribus
578 3689 766 3759 desponsatis,
797 3706 869 3758 quae
898 3690 934 3743 ad
993 3685 1107 3741 XXVII.
1134 3687 1173 3742 De
1192 3689 1293 3758 puellis
1312 3691 1356 3744 vel
1374 3689 1536 3745 mulieribus
1555 3689 1739 3760 desponsatis.

352 3773 470 3829 aliorum
497 3775 666 3830 consortium
689 3775 828 3831 adulterio
854 3775 933 3830 insti·
956 3842 957 3848 ἵ

348 3864 435 3930 geute
455 3861 625 3917 transierint.

218 3945 290 4000 LIII.
317 3945 356 4000 De
366 3947 703 4015 hereditatibusfiliorum
714 3949 763 4019 qui
773 3954 837 4021 post
846 3951 935 4021 patris
992 3944 1120 4001 XXVIII·
1148 3947 1187 4001 De
1206 3947 1339 4002 luctuosis
1358 3949 1567 4005 hereditatibus.

351 4031 458 4087 obitum
494 4037 583 4088 matre
619 4035 769 4105 superstite
806 4036 934 4092 intestati

350 4118 513 4175 moriuntur.
919 4175 923 4184 .

221 4205 290 4259 LIV.
318 4205 358 4260 De
382 4206 438 4272 his,
466 4207 515 4276 qui
537 4208 651 4263 tertiam
679 4209 883 4280 mancipiorum
907 4216 936 4267 et
993 4238 1026 4246 -

350 4292 419 4348 duas
443 4297 580 4348 terrarum
605 4298 699 4364 partes
725 4301 823 4352 contra
850 4297 936 4353 inter·

349 4379 455 4434 dictum
462 4380 605 4450 publicum
611 4383 856 4452 praesumpserint.
867 4385 936 4451 (No-

347 4467 413 4520 vella
430 4467 496 4534 lea.)

233 4551 288 4607 LV.
316 4552 356 4606 De
385 4553 561 4609 removendis
591 4554 769 4610 barbarorum
802 4556 936 4626 personis,
993 4549 1050 4616 Osr-
1069 4550 1103 4604 1..
1123 4551 1202 4606 Rom.
1220 4553 1260 4606 til.
1274 4553 1315 4607 39.
1325 4553 1368 4606 43.

352 4639 482 4708 quotiens
492 4641 566 4696 inter
578 4641 647 4696 duos
656 4643 797 4698 Romanos
809 4642 843 4698 de
855 4661 934 4713 agro·

350 4745 411 4782 rum
435 4727 536 4781 finibus
560 4727 644 4782 fuerit
662 4732 760 4784 exorta
783 4730 936 4786 contentio.

352 4813 422 4878 (Pro
436 4818 515 4881 porte
531 4814 636 4867 nouella
658 4815 701 4869 lea
719 4815 755 4868 orl
773 4815 834 4870 Lib.
853 4822 936 4871 roan.

349 4899 387 4954 ric.
400 4901 454 4968 22.)

219 4985 289 5040 LVI.
317 4986 357 5040 De
376 4985 462 5040 servis
480 4985 509 5039 in
529 4986 697 5042 Alamannia
715 4989 891 5058 comparatis.
996 5015 1029 5024 -

206 5071 288 5128 LVII.
317 5072 356 5126 Dc
367 5072 475 5127 libertis
486 5072 722 5142 Burgundionum,
733 5073 782 5143 qui
791 5073 935 5128 licentiam
998 5101 1029 5110 -

352 5159 512 5214 discedendi
531 5177 586 5214 non
606 5160 764 5216 habuerint.

194 5244 291 5300 LVIII.
318 5246 358 5300 De
377 5262 446 5300 cane
464 5245 563 5300 occiso.
996 5275 1030 5282 -

222 5331 289 5384 LIX.
319 5332 358 5386 De
377 5331 535 5402 nepotibus.
987 5331 1042 5398 (lfa.
1063 5328 1097 5382 L.
1116 5329 1192 5382 Rom.
1212 5327 1253 5381 tir.
1269 5330 1311 5384 sa.

230 5417 287 5473 LX.
316 5419 355 5473 De
373 5418 541 5473 adhibendis
560 5419 743 5475 donationum
761 5420 936 5476 testimoniis.
988 5451 1021 5461 -

351 5504 477 5572 (Novella
495 5506 556 5572 lca.)

220 5589 291 5644 LXI.
319 5590 360 5644 De
389 5591 563 5655 mulieribus,
595 5609 667 5660 quae
694 5597 794 5662 sponte
821 5593 857 5647 ad
884 5592 937 5646 viri
991 5623 1021 5632 -

352 5677 456 5733 coitum
473 5677 610 5734 venerint.

204 5761 287 5816 LXII.
315 5763 355 5818 De
372 5764 437 5818 filiis
455 5764 552 5819 unicis.
579 5763 706 5832 (Nouello
724 5767 767 5820 les
785 5783 810 5820 n.
831 5767 890 5820 517.
910 5765 946 5818 ud
990 5795 1023 5804 -

353 5851 412 5907 In'b.
431 5856 511 5906 const.
529 5851 568 5902 tit.
581 5850 621 5904 24.
637 5853 679 5906 42.
692 5852 745 5920 74.)
