4492 6638
444 646 463 706 6
905 637 1019 692 LEGES
1039 636 1347 692 BURGUNDIONUM.
1367 667 1399 675 -
1417 634 1633 690 PRAEFATIO.

444 819 566 877 corstot
596 812 727 889 selectis,
760 811 803 874 iis
833 811 987 875 nimirum
1016 829 1098 890 quae
1125 811 1330 890 pravissimae
1359 809 1548 873 uidebantur
1576 808 1678 888 iisque
1706 828 1787 888 quae
1813 808 1879 885 ius,
1909 806 1993 888 quod
2020 811 2096 869 tunc

444 917 592 997 temporis
619 922 726 979 ratum
750 920 836 990 erat,
868 913 1037 977 reddebant
1067 915 1102 977 in
1129 933 1243 994 corpus
1268 913 1414 977 redactis.
1462 912 1553 993 erod
1578 910 1672 991 focile
1701 910 1890 992 intelquitur
1918 931 1956 973 44
1977 908 2097 989 primis

444 1020 544 1084 verbis
559 1019 687 1100 primae
708 1018 951 1082 constitutionis.
990 1015 1115 1080 Deinde
1136 1037 1191 1080 eae
1211 1015 1312 1080 solum
1327 1021 1440 1096 partes
1454 1014 1655 1096 sinqularurn
1677 1015 1935 1078 corstitutionum
1957 1018 2097 1092 receptae

443 1128 533 1200 sunt,
562 1141 644 1202 qnae
672 1120 812 1202 requiam
839 1121 922 1184 iuris
949 1120 1053 1199 ipsam
1075 1119 1286 1194 continebant,
1318 1119 1443 1182 omissis
1464 1119 1510 1180 cis
1531 1138 1612 1197 quae
1634 1117 1671 1180 44
1693 1119 1800 1180 444343
1823 1116 1924 1198 lequm
1946 1115 2095 1191 latarum,

444 1226 482 1290 de
508 1222 649 1290 consiliis
676 1223 751 1306 lepis
777 1224 941 1303 scriptoris
967 1223 1150 1304 aqebantur,
1180 1223 1303 1285 omissis
1331 1223 1377 1285 eis
1402 1242 1524 1302 quoqne
1551 1220 1690 1284 versibus
1716 1221 1830 1302 quibus
1852 1220 1919 1283 dies
1940 1241 2001 1300 quo
2024 1239 2095 1282 con-
2126 1242 2138 1280 s

443 1329 623 1392 stitutionis
652 1327 747 1390 datae
774 1333 851 1391 sunt
881 1323 1104 1390 adnotabatur.
1142 1323 1288 1406 Denique
1319 1326 1354 1389 in
1385 1325 1464 1389 libro
1493 1324 1752 1388 constitutionum
1779 1323 1969 1404 conficiendo
2001 1323 2095 1386 444444

444 1431 644 1514 sinqularum
673 1430 773 1511 bequm
801 1431 1032 1495 emendationes
1059 1430 1188 1494 additas
1219 1449 1283 1493 esse
1314 1450 1352 1492 44
1380 1429 1460 1508 ipsis
1488 1428 1588 1491 verbis
1607 1427 1811 1510 paraqrapbi
1837 1428 1949 1491 tertiae
1968 1427 2096 1506 primae

445 1535 679 1600 constitutionis
702 1540 845 1615 apparet.
1472 1603 1480 1618 ,

552 1655 806 1736 Antiquissimae
838 1675 919 1736 qnae
950 1653 1075 1735 quidem
1104 1655 1244 1735 44449444
1272 1653 1410 1717 traditae
1439 1658 1515 1716 sunt
1544 1652 1781 1716 corstitutiones
1807 1672 1892 1716 anno
1913 1655 1983 1716 501.
2007 1651 2093 1735 (Lib.

443 1763 538 1823 const.
563 1760 611 1822 tit.
628 1761 678 1823 42.
693 1762 750 1842 45)
773 1760 967 1839 conscriptae
988 1765 1072 1825 3444.
1114 1761 1258 1841 Quarum
1284 1780 1352 1822 una
1367 1760 1439 1839 (42)
1456 1757 1576 1838 ‘aliqua
1599 1779 1637 1821 44
1658 1757 1709 1820 443
1730 1777 1811 1839 quae
1833 1761 1907 1820 ante
1923 1752 2100 1836 praecepta
2115 1780 2138 1818 ιο

442 1863 575 1943 fuerant
596 1862 768 1944 cormqere’,
792 1861 893 1927 altera
908 1863 981 1946 (45)
998 1862 1131 1927 ‘sceleris
1153 1862 1409 1927 aorsuetudinem
1429 1861 1613 1925 submoverc’
1636 1859 1711 1926 uult.
1752 1859 1891 1940 Utraque
1913 1861 2095 1923 constitutio

442 1967 479 2030 in
502 1967 737 2046 dispositionem
758 1985 854 2045 quam
875 1986 975 2046 supro
995 1966 1197 2046 depinximus
1219 1965 1292 2030 libri
1314 1965 1572 2028 constitutionum
1593 1984 1658 2027 non
1679 1963 1827 2043 quadrat,
1849 1983 1948 2043 neque
1969 1963 2095 2026 ornnino

436 2070 577 2150 perspici
603 2073 721 2150 potest,
756 2089 821 2150 qua
853 2089 888 2132 re
920 2069 1051 2133 adducti
1082 2069 1119 2146 ii,
1154 2071 1211 2150 qui
1237 2067 1353 2132 librum
1379 2069 1638 2132 corstitutionum
1663 2071 1915 2147 composuerunt,
1947 2066 2003 2130 boc
2031 2065 2094 2130 loco

444 2173 643 2237 discesserint
670 2193 692 2235 a
719 2173 842 2236 rationo
869 2173 1028 2253 bucusque
1050 2178 1183 2238 seruata.
1230 2172 1459 2237 Euistimemus
1484 2173 1584 2252 494444
1604 2192 1724 2235 maesse
1746 2176 1805 2248 cst,
1835 2171 1895 2234 bas
1918 2170 2001 2233 duas
2022 2190 2093 2234 cou-

442 2277 622 2340 stitutioncs
655 2277 791 2339 minores
823 2296 886 2340 esse
914 2281 1017 2340 aetate
1043 2275 1121 2340 libro
1151 2277 1424 2353 constitutionum,
1462 2295 1576 2356 casque
1606 2274 1688 2359 edito
1717 2275 1783 2337 iam
1813 2272 1890 2337 libro
1919 2273 1955 2336 in
1982 2294 2095 2353 corpus
2114 2298 2137 2335 4

443 2379 702 2444 constitutionum
729 2384 883 2462 receptas,
919 2378 1094 2459 librumque
1121 2379 1380 2442 corstitutionum
1404 2377 1438 2440 V.
1466 2377 1590 2442 3444444
1616 2378 1819 2458 compositum
1848 2398 1920 2440 esse.
1975 2377 2095 2458 Quodsi

442 2483 676 2546 constitutionis
715 2482 806 2547 titulo
837 2485 888 2547 42.
928 2482 1021 2545 uerba
1058 2501 1140 2562 quae
1177 2479 1290 2545 attuli:
1334 2503 1417 2566 quse
1458 2488 1533 2545 ante
1573 2487 1752 2567 praecepta
1786 2481 1927 2560 fuerent,
1971 2485 2094 2544 statuta

435 2585 559 2666 prioris
591 2586 759 2649 cuiusdam
792 2583 866 2648 libri
898 2587 1159 2651 corstitutionum
1188 2588 1375 2667 respiciunt,
1410 2591 1505 2668 atque
1534 2587 1571 2650 44
1594 2587 1825 2667 posterioribus
1854 2586 1971 2668 leq-ibus
2001 2585 2094 2667 leqcrn

441 2689 604 2769 quandam
624 2688 741 2752 verbis:
769 2689 835 2752 iam
858 2689 982 2774 pridem
1007 2691 1127 2754 emises
1150 2691 1222 2771 lex,
1244 2690 1292 2754 oel
1313 2693 1345 2754 in
1369 2690 1554 2754 huiusmodi
1578 2691 1718 2774 negotiis
1742 2691 1950 2775 promulgata
1972 2690 2094 2754 dudum

442 2793 497 2857 lex
520 2798 662 2857 notatam
686 2784 890 2869 invenimus¹,
919 2793 998 2872 quid
1018 2813 1076 2857 nos
1098 2793 1237 2872 impedit,
1260 2795 1429 2874 quominus
1451 2792 1676 2858 aoruludamus
1697 2793 1812 2857 librum
1834 2794 2093 2857 amistitutionum
2112 2813 2138 2854 20

441 2895 530 2960 baud
556 2895 653 2960 multo
680 2901 754 2961 ante
780 2917 903 2960 annum
926 2899 998 2961 501.
1026 2917 1090 2960 4334
1110 2896 1344 2976 conscriptum?
1378 2895 1598 2960 Gundobadus
1618 2917 1683 2960 non
1709 2896 1810 2961 solum
1826 2902 2012 2977 parentum,
2039 2897 2095 2961 sed

440 3000 535 3062 etiarn
563 3019 640 3064 suas
668 3001 773 3081 ipsirs
799 3001 1035 3064 constitutiones
1064 3001 1246 3080 composuit.
1297 3001 1384 3081 Qreae
1406 2999 1541 3063 collectio
1563 3021 1634 3064 aum
1653 3001 1821 3081 prioribus
1841 3003 1938 3065 annis
1963 3001 2093 3066 Gauda

440 3102 515 3166 badi
537 3103 763 3167 dominationis
784 3104 839 3166 444
860 3104 1039 3182 caesarique
1061 3124 1125 3167 esse
1145 3104 1256 3183 possit,
1277 3104 1417 3182 primaru
1438 3104 1690 3168 sustitutionem
1705 3104 1880 3186 librumque
1896 3105 2092 3169 constitutio-

439 3227 518 3270 num
532 3206 731 3287 paenultima
756 3207 804 3271 oel
824 3207 936 3271 ultimo
959 3207 1106 3272 decennio
1128 3207 1165 3272 V.
1189 3206 1308 3271 saeculi
1329 3228 1394 3271 nou
1415 3209 1484 3271 sine
1501 3206 1725 3287 probabilitate
1746 3209 1962 3273 attribuemus.
2006 3207 2094 3271 Huic

440 3315 566 3374 nostrae
599 3311 742 3391 opinioni
775 3331 840 3376 non
870 3318 1025 3394 repuqnat
1055 3313 1210 3375 sententia
1239 3312 1303 3374 oiri
1330 3311 1517 3388 doctissimi,
1552 3311 1588 3374 in
1617 3311 1752 3375 44344444
1778 3315 1868 3394 requi
1889 3311 2094 3394 Burqundici
2112 3331 2137 3370 u

441 3415 554 3494 optimc
578 3415 696 3478 versati
722 3413 829 3479 Caroli
848 3414 1008 3497 Bindinq,
1043 3415 1224 3479 Gescbiclrte
1252 3416 1305 3479 des
1326 3414 1815 3496 Burqundisab-Romanisalren
1836 3415 2044 3496 Kbniqreicbs
2066 3417 2094 3494 I,

433 3537 469 3596 p.
486 3521 554 3581 107.
569 3520 638 3594 122,
658 3517 775 3582 librum
788 3518 1047 3582 constitutionum
1062 3519 1159 3583 annis
1170 3520 1350 3583 ess-490.
1366 3539 1430 3582 esse
1444 3519 1663 3598 aorsariptum.
1696 3518 1838 3585 Ceterum
1852 3541 2045 3601 quamquam
2060 3521 2096 3583 id
2201 3533 2206 3548 '

439 3621 589 3701 quomodo
612 3620 759 3700 defendat
780 3642 845 3686 non
866 3623 1026 3702 suspicari
1040 3643 1213 3703 possumus
1234 3623 1300 3685 nisi
1322 3643 1361 3685 44
1382 3621 1546 3686 44444443
1567 3623 1670 3702 operis
1692 3623 1760 3686 cius
1782 3621 1871 3699 locis,
1900 3629 2005 3687 tamen
2026 3625 2095 3687 4443

440 3724 585 3805 opinioni
606 3723 728 3788 nullam
744 3724 1001 3805 probabilitatem
1025 3726 1225 3790 tribuendam
1246 3746 1311 3790 esse
1333 3724 1422 3789 nobis
1438 3746 1630 3805 persuasum
1653 3732 1705 3792 cst.
1749 3725 1879 3791 Constat
1893 3748 1963 3791 cero
1978 3727 2094 3791 libmun

440 3828 700 3892 constitutionum
729 3833 805 3892 tunc
835 3829 981 3908 temporis
1011 3849 1075 3893 esse
1105 3830 1328 3909 conscriptum,
1364 3849 1435 3892 cum
1461 3850 1585 3892 summa
1615 3850 1721 3893 rerum
1750 3851 1814 3895 non
1838 3851 1936 3910 penes
1961 3830 2093 3895 Gundo-
2112 3852 2137 3890 so

440 3930 557 3994 badum
578 3930 679 3994 solum
700 3930 774 4010 suit,
796 3932 850 3995 sed
865 3931 1084 3996 Gundobadus
1106 3937 1135 3995 et
1149 3931 1251 4011 frater
1265 3931 1467 4012 Godeqiselus
1485 3953 1614 4013 reqnum
1634 3933 1717 3996 inter
1730 3954 1762 3996 se
1777 3934 1914 3997 diuisum
1929 3933 2092 3998 habebant.

444 4035 641 4115 Quamquam
671 4040 802 4116 uterque
829 4034 932 4114 trater
960 4035 1073 4099 eisdem
1103 4036 1229 4099 iuribus
1255 4035 1416 4112 utebatur,
1451 4041 1556 4099 tamen
1582 4036 1801 4100 (lundobadis
1823 4038 1963 4117 priorem
1992 4037 2093 4101 locum

441 4139 606 4216 obtinebat,
628 4139 721 4218 quod,
745 4137 821 4201 aliis
835 4139 1081 4218 praetermissis,
1106 4159 1144 4202 44
1166 4139 1269 4218 ipsius
1291 4138 1365 4202 libri
1387 4139 1647 4203 constitutionum
1669 4139 1761 4203 titulo
1784 4141 1874 4203 tertio
1894 4139 2093 4204 concluditur

441 4246 469 4304 et
496 4262 534 4304 44
561 4242 606 4305 eis
629 4262 711 4323 quae
736 4242 904 4321 scriptores
929 4263 1037 4306 rerum
1058 4242 1345 4324 Burqundicarum
1367 4241 1486 4305 deboc
1508 4248 1709 4308 renarrant.
1760 4241 1972 4308 Communiter·
1993 4244 2093 4326 494444

440 4365 460 4407 a
482 4344 641 4425 fratribus
663 4343 741 4426 leqes
763 4344 847 4408 latas
868 4366 947 4422 esse,
977 4347 1101 4409 etiansi
1123 4346 1274 4410 bistoriae
1300 4344 1384 4409 nibil
1398 4346 1627 4426 prodiderunt,
1651 4367 1715 4410 non
1737 4345 1807 4410 licet
1828 4366 1954 4428 neqare,
1985 4348 2092 4428 itaque
2110 4371 2135 4409 4

439 4468 489 4511 443
522 4446 668 4512 similiter
700 4453 795 4528 atque
827 4449 864 4512 44
896 4449 1027 4529 imperio
1057 4449 1201 4514 Bouiano
1233 4449 1382 4513 videntur
1413 4469 1478 4512 sese
1510 4449 1665 4513 babuisse.
1718 4451 1852 4514 Iribrnm
1883 4456 1989 4514 autem
2021 4471 2092 4514 cou-

438 4552 642 4616 stitutionum
665 4552 908 4615 existimaverim
923 4573 945 4615 a
959 4552 1156 4616 Gundobado
1178 4551 1242 4617 solo
1264 4553 1468 4633 cmupositum
1490 4574 1553 4616 csse
1572 4559 1666 4634 atque
1685 4555 1781 4618 44443
1801 4560 1926 4618 tantum
1941 4554 2094 4634 partibvs

438 4656 528 4736 44944
539 4654 755 4736 Β449444444,
778 4677 859 4737 quae
875 4655 1067 4721 Gundebadi
1088 4662 1188 4735 erant,
1211 4654 1357 4721 valuisse.
1393 4657 1502 4737 Neque
1524 4662 1629 4721 tamen
1649 4657 1817 4721 uerisimile
1839 4663 1892 4735 ost,
1912 4656 2093 4738 Godeqisclo

437 4779 524 4824 anno
547 4763 619 4824 500.
649 4779 743 4840 reqno
773 4758 920 4839 spoliato,
952 4758 1043 4823 illum
1072 4759 1187 4824 librreru
1216 4761 1475 4825 corstitutionum
1504 4761 1541 4825 44
1568 4762 1614 4824 443
1641 4763 1731 4843 requi
1746 4762 1898 4842 partibus
1919 4763 2092 4841 separatim

439 4863 588 4926 emissum
610 4883 683 4940 esse,
705 4863 845 4943 quaein
867 4861 956 4926 illius
978 4862 1100 4927 dicione
1121 4863 1262 4944 fuerant,
1285 4865 1430 4944 quamvis
1451 4863 1497 4927 ibi
1518 4884 1572 4928 eas
1593 4869 1684 4928 ratas
1705 4864 1806 4945 fuisse
1827 4870 1952 4929 constet.
2109 4887 2135 4926 4

546 4981 644 5046 Edita
667 4980 744 5046 libro
767 4983 1027 5047 constitutionum
1043 4984 1263 5048 Gundebadus
1285 4983 1363 5065 beqes
1384 4985 1514 5048 condere
1535 5005 1599 5048 non
1621 4985 1750 5050 destitit.
1784 4985 1873 5049 Iubet
1889 4986 1972 5049 enim
1982 4987 2092 5065 prima

438 5085 620 5150 constilutio
648 5085 768 5149 iudices
797 5087 979 5150 ‘secundum
1005 5085 1090 5167 lcqes’
1118 5087 1263 5150 iudicare
1290 5092 1319 5150 44
1345 5087 1381 5150 44
1406 5088 1490 5168 quod
1520 5086 1646 5168 ί4494443
1672 5108 1735 5151 uon
1762 5093 1908 5152 teneatur
1931 5089 2090 5153 irsertum'

437 5189 482 5253 ad
502 5209 603 5269 reqcm
623 5187 749 5267 referre.
796 5187 865 5251 Hoc
886 5189 1021 5269 tortasse
1043 5211 1159 5254 causae
1180 5190 1259 5271 fuit,
1286 5195 1315 5254 et
1339 5211 1397 5254 aar
1418 5212 1458 5254 ne
1480 5192 1561 5255 edito
1584 5191 1708 5272 quidem
1731 5191 1809 5255 libro
1832 5193 2091 5256 constitutionum

436 5312 523 5374 repes
544 5291 815 5372 Burqundionum
843 5291 921 5373 leqes
947 5294 1078 5358 condere
1108 5295 1272 5370 desierint,
1304 5298 1333 5357 ct
1362 5315 1428 5372 cur,
1462 5315 1532 5358 cum
1561 5293 1631 5357 lites
1657 5295 1887 5372 iudicarentur,
1918 5317 1956 5358 ea·
1984 5297 2091 5360 caesis

435 5393 624 5476 sqrccialibus
642 5394 801 5476 qeneralcs
823 5395 948 5478 requlae
970 5418 992 5461 a
1014 5396 1188 5478 lepislatore
1210 5398 1349 5461 derivari
1370 5397 1511 5462 solerent.
1555 5397 1751 5462 Huiusmodi
1773 5399 1913 5480 exempla
1935 5399 2090 5463 nonnulla
2108 5423 2133 5461 4

438 5498 562 5562 creora
582 5503 676 5574 sunu
704 5498 762 5578 cfr.
779 5498 847 5562 aa.
869 5504 964 5564 ease.
990 5500 1037 5562 m.
1054 5503 1104 5564 so.
1123 5504 1174 5563 51.
1192 5503 1242 5565 52.
1257 5504 1296 5564 rs
1304 5491 1327 5564 ².
1366 5500 1465 5566 444
1480 5506 1586 5564 eurem
1601 5502 1685 5565 444·
1700 5501 1816 5567 tarum
1832 5504 2092 5568 4434444444

435 5607 530 5683 atque
552 5599 630 5682 44943
645 5606 760 5681 postea
782 5600 866 5666 latas
887 5601 963 5666 baca
986 5609 1063 5681 erat,
1086 5609 1123 5668 44
1144 5603 1316 5668 nonnullae
1331 5603 1410 5686 44943
1423 5604 1560 5669 novellare
1575 5603 1638 5668 loco
1654 5625 1764 5669 aarum
1779 5605 1880 5688 lequrn
1895 5612 2092 5687 ponerentur·

541 5807 566 5873 l)
586 5805 643 5872 Csr.
661 5805 740 5858 etiam
757 5805 816 5860 Inb.
835 5812 915 5860 const.
934 5808 975 5862 tit.
989 5809 1035 5862 55:
1063 5808 1220 5876 quemlibet
1238 5809 1320 5863 olim
1339 5810 1424 5864 fuerit
1442 5810 1636 5865 constitutum.
1730 5811 1757 5878 2)
1777 5811 1885 5866 Praeter
1902 5813 1947 5867 ius
1964 5814 2092 5882 scripturn

434 5908 466 5961 in
486 5907 718 5961 constitutionibus
741 5908 955 5976 deposuimus
976 5927 1033 5964 non
1054 5911 1198 5980 scriptum,
1228 5927 1263 5966 sc.
1284 5913 1504 5984 consuetudines,
1529 5914 1613 5968 letires
1629 5920 1712 5982 patet.
1756 5915 1830 5982 Quae
1853 5917 1885 5968 in
1907 5923 2030 5972 44444444
2053 5922 2090 5971 434
