4418 6652
463 645 523 719 1‘24
890 654 1003 712 usone
1022 655 1328 712 soaoumoorvou.
1346 687 1381 698 -
1399 657 1469 713 anx
1487 657 1644 714 aeunni
1663 658 1684 714 1.

562 809 656 876 XXI.
701 810 754 878 De
776 812 932 878 dlvortiis.

546 912 656 980 XXII.
702 913 755 982 De
777 915 1017 983 donationibus.

527 1016 658 1083 XXIII.
702 1017 755 1085 De
778 1023 1001 1088 sacramentis.
1088 1038 1091 1044 ’

531 1120 656 1187 XXIV.
702 1121 755 1189 De
778 1123 956 1190 latronibus
980 1126 1148 1193 convictis.

550 1223 658 1293 XXV.
703 1224 755 1292 De
778 1227 957 1297 adulteriis.
2128 1271 2139 1310 s

532 1327 658 1396 XXVI.
703 1329 755 1396 De
777 1331 839 1414 his,
862 1333 917 1420 qui
939 1332 1067 1399 debitas
1089 1333 1164 1399 filiis
1187 1334 1228 1399 de
1250 1336 1406 1402 maternis
1428 1336 1523 1401 bonis
1546 1357 1610 1401 non
1633 1335 1826 1402 tradiderint
1849 1339 2026 1424 portiones.

513 1430 657 1498 XXVII.
702 1433 754 1500 De
775 1436 894 1521 pusilis
916 1437 969 1504 vel
991 1437 1181 1504 mulleribus
1204 1439 1401 1527 desperatis.

493 1535 654 1605 XXVIII.
701 1537 753 1604 De
777 1540 937 1606 luctuosis
961 1541 1208 1608 hereditatibus.

529 1639 657 1709 XXIX.
701 1643 754 1711 De
777 1647 924 1729 caballis,
946 1647 1063 1734 quibus
1086 1669 1195 1713 ossum
1218 1653 1275 1714 aut
1297 1647 1449 1713 scandolo
1470 1649 1633 1735 ligaverit.

545 1746 654 1812 XXX.
700 1748 751 1814 De
774 1751 1025 1838 apparitoribus.

530 1841 658 1920 XXXI.
701 1851 754 1919 De
777 1855 1037 1944 praescriptione
1060 1861 1254 1945 temporum.

510 1953 655 2022 XXXII.
700 1956 752 2024 De
774 1958 915 2025 falsariis
938 1967 972 2026 et
994 1959 1084 2025 falsis
1105 1961 1255 2029 testibus.

496 2056 657 2126 XXXIII.
701 2059 753 2127 De
777 2063 1093 2150 interpellationibus
1117 2071 1150 2130 st
1173 2065 1459 2153 appellationibus.

499 2160 656 2232 XXXIV.
702 2164 754 2230 De
776 2168 874 2233 rebus
898 2168 1028 2254 agnitis.

514 2264 656 2336 XXXV.
700 2268 751 2336 De
774 2270 1016 2338 vinditionibus.

497 2368 656 2438 XXXVI.
701 2373 752 2440 De
775 2375 888 2441 tutelis
910 2377 1081 2446 minorum.

478 2472 657 2544 XXXVII.
703 2477 754 2543 De
776 2480 899 2566 nuptiis
923 2480 1078 2566 legitimis
1102 2482 1171 2546 sive
1194 2482 1398 2547 naturalibus
1422 2482 1509 2548 tiliis.

457 2578 651 2650 XXXVIII.
702 2581 753 2648 De
777 2586 882 2671 pactis
907 2592 940 2651 et
962 2587 1235 2652 transactionibus
1259 2587 1339 2653 haec
1361 2588 1466 2653 forma
1488 2589 1649 2654 servanda
1671 2594 1732 2654 est.

498 2682 657 2750 XXXIX.
702 2686 754 2753 De
777 2689 926 2755 terminis
949 2691 1163 2776 transgressis
1186 2697 1220 2755 et
1243 2692 1374 2759 evulsis.

584 2789 655 2854 XL.
701 2790 780 2858 Sine
803 2814 904 2859 ceusu
925 2794 979 2860 vel
1002 2795 1135 2881 reIIquis
1159 2815 1337 2882 conparare
1360 2795 1440 2862 nihil
1462 2817 1569 2884 posse.

565 2893 654 2961 XLI.
699 2894 751 2962 De
774 2897 845 2963 iure
868 2898 1069 2986 postliminii.

549 2998 655 3064 XLII.
699 2999 750 3066 Ne
774 3001 808 3066 in
831 3021 889 3067 sua
912 3022 1012 3067 causa
1035 3002 1108 3089 quis
1132 3002 1263 3069 indicet.

527 3101 653 3169 XLIII.
698 3103 744 3169 Ut
766 3126 863 3171 nemo
888 3106 1108 3194 potentiorum
1138 3108 1269 3172 nomina
1296 3107 1328 3172 in
1355 3107 1413 3173 lite
1436 3105 1630 3194 praetendat
1657 3112 1715 3171 aut
1736 3106 1850 3172 titulos
1872 3108 2012 3194 praediis
2033 3107 2090 3171 ruis

697 3208 829 3295 adfigat.

535 3310 656 3378 LXIV.
700 3311 752 3380 De
774 3313 906 3379 liberali
929 3334 1030 3379 causa
1052 3313 1104 3379 vel
1126 3312 1167 3379 de
1190 3334 1289 3402 opere
1312 3313 1515 3380 libertorum.
2104 3338 2123 3379 e

551 3415 654 3484 XLV.
699 3415 752 3483 De
775 3418 993 3484 testamentis.

532 3517 654 3587 XLVI.
699 3519 752 3587 De
775 3521 962 3589 conditIone
984 3543 1062 3588 vero
1085 3522 1137 3588 vel
1161 3523 1356 3609 cognitione.

513 3621 654 3692 XLVII.
697 3624 749 3694 De
772 3627 975 3694 consortibus
984 3625 1012 3695 *.

456 3931 712 4004 Titulus**1.
746 3930 825 4003 De¹
843 3938 970 4025 patris
992 3938 1060 4004 vel
1082 3939 1220 4004 matris
1236 3937 1449 4003 donatione
1471 3938 1535 4003 vel
1550 3938 1834 4005 munificentia
1853 3939 2095 4020 domInorum.

574 4073 627 4166 [l.]
652 4075 888 4160 Donationem,
917 4099 1014 4165 quam
1041 4085 1136 4166 pater
1167 4078 1208 4145 de
1237 4079 1336 4145 rbbus
1366 4079 1505 4166 propriis
1533 4079 1567 4143 in
1589 4079 1690 4144 lilium
1712 4078 1853 4144 filiamve
1877 4077 2129 4166 conscripserita

460 4187 494 4246 et
525 4181 628 4267 gestis
652 4179 751 4246 luerit
772 4180 931 4267 allegata,
964 4183 992 4247 si
1021 4202 1094 4248 eam
1126 4189 1221 4270 pater
1250 4184 1398 4271 probatis
1430 4182 1516 4271 apud
1542 4182 1681 4248 iudicem
1711 4183 1872 4249 lesionum
1903 4184 2011 4249 causis
2041 4201 2096 4247 non

459 4285 674 4367 revocaverit,
699 4289 755 4350 aut
777 4285 850 4372 ipsa
872 4285 1004 4353 donatio
1026 4287 1230 4372 dodrantem,
1254 4287 1288 4354 id
1311 4294 1362 4354 est
1384 4308 1501 4354 novem
1522 4288 1645 4367 uncias,
1668 4307 1733 4352 non
1756 4287 1904 4368 excedit,
1928 4285 2096 4353 secundum

564 4509 591 4577 *)
609 4509 772 4580 Explicinnt
784 4510 911 4582 capitula
929 4510 1013 4567 Liber
1024 4511 1144 4582 Papinni
1157 4511 1284 4577 feliciter,
1301 4527 1383 4566 amen
1396 4509 1459 4566 odd.
1472 4511 1533 4566 At.
1602 4511 1642 4582 u)
1661 4510 1699 4564 Ia
1716 4511 1769 4566 Aa
1787 4509 1957 4565 ammodum:
1976 4510 2099 4580 Incipit

458 4594 636 4665 PopIanus
656 4595 757 4652 Liber
774 4597 904 4668 primus
922 4598 1186 4669 Responsorum.
1222 4600 1309 4654 Pacta
1326 4615 1382 4654 non
1395 4598 1484 4652 solum
1496 4596 1595 4662 verbis,
1614 4597 1661 4652 sed
1680 4614 1713 4652 ex
1726 4598 1872 4653 voluntate
1884 4597 2098 4652 contrahentium

456 4681 675 4748 consumuntur,
693 4686 727 4738 nt
743 4687 843 4740 neuter
859 4683 1020 4756 coniugium
1039 4687 1090 4741 fiat
1107 4686 1280 4756 locupletior.
1316 4684 1354 4739 Ia
1372 4685 1423 4740 At
1439 4682 1610 4738 amaret:
1628 4683 1732 4754 Incipit
1744 4684 1885 4754 Papianus
1903 4683 1986 4740 Liber
2004 4685 2098 4755 primm
2111 4683 2131 4723 ³⁵

455 4768 669 4840 Responsorum.

558 4959 573 5012 1
592 4963 712 5014 divoroiis
731 4961 790 5015 At.
831 4961 842 5028 ΙΙ
882 4961 1046 5016 INumeruc
1063 4965 1150 5016 XXIV
1169 4981 1226 5015 cum
1248 4964 1354 5016 marica
1375 4963 1444 5017 deest
1461 4961 1521 5017 At.
1566 4965 1578 5030 ΙΙ
1622 4962 1768 5015 GRubricu
1784 4961 1853 5014 decet
1870 4960 1930 5016 Ar.
1984 4961 2100 5032 porcionis

456 5047 516 5102 Aa
563 5047 575 5114 11
622 5047 815 5118 Vdesponsatia
832 5067 864 5103 ce
881 5051 991 5114 comode
1018 5053 1147 5118 sponsatis
1165 5049 1257 5104 AM.
1304 5050 1316 5117 ΙΙ
1362 5048 1511 5103 sacrm
1527 5049 1597 5102 dcet
1613 5047 1672 5102 At.
1713 5048 1725 5115 ΙΙ
1766 5044 1800 5100 10
1816 5049 1989 5116 aparitoribus
2008 5047 2063 5102 Aa
2091 5031 2099 5102 ii

457 5133 490 5186 12
508 5135 565 5188 falsi
585 5133 644 5188 Aa.
680 5136 691 5201 ΙΙ
721 5135 753 5188 13
770 5137 942 5204 appellatione
960 5133 1020 5190 At.
1058 5137 1070 5203 ΙΙ
1107 5136 1141 5190 15
1159 5137 1315 5190 vindictione
1328 5133 1386 5188 At.
1425 5137 1437 5202 ΙΙ
1475 5133 1508 5188 16
1526 5136 1618 5188 tutillr'r
1636 5151 1704 5187 corr.
1722 5135 1750 5185 in
1767 5134 1856 5186 tutelis
1869 5132 1928 5188 At.
1959 5133 1970 5200 ΙΙ
2001 5133 2031 5188 17
2043 5149 2097 5200 nup

453 5219 508 5290 tiis]
527 5223 587 5274 liliis
606 5221 664 5276 At.
727 5223 865 5292 legiptimis
884 5222 943 5278 113.
1002 5224 1013 5291 [l
1069 5222 1103 5277 18
1121 5221 1195 5293 haec]
1212 5233 1239 5277 et
1256 5222 1315 5278 At.
1371 5223 1382 5290 ΙΙ
1437 5221 1472 5276 22
1489 5223 1527 5274 Ne
1551 5221 1588 5290 iu]
1613 5223 1652 5274 De
1675 5223 1715 5273 vla
1733 5218 1792 5273 At.
1844 5219 1855 5285 ΙΙ
1908 5219 1943 5273 23
1961 5222 2001 5274 vel
2025 5219 2130 5273 titulbrt

454 5309 564 5375 praediis
582 5310 721 5377 adfligatur
739 5309 798 5363 113.
851 5313 949 5380 adfigat
966 5329 998 5364 ea
1014 5312 1123 5374 menda
1141 5312 1248 5378 adfligat
1265 5308 1325 5364 M.
1372 5308 1384 5374 ΙΙ
1429 5307 1464 5362 25
1482 5308 1562 5362 Μαί
1579 5309 1642 5362 baec
1658 5307 1764 5360 mabrica
1780 5308 1857 5360 atium
1873 5307 1902 5358 in
1918 5307 2004 5359 iudice
2015 5305 2070 5358 Bo.

453 5397 574 5465 operibus
592 5395 650 5450 Bo.
712 5398 850 5450 liberorum
869 5399 929 5454 Aa.
982 5399 994 5464 ΙΙ
1047 5395 1080 5450 27
1099 5399 1258 5451 condictione
1277 5396 1337 5450 At.
1387 5396 1399 5462 ΙΙ
1450 5393 1485 5449 28
1502 5403 1631 5448 consortes
1650 5392 1709 5447 114.
1756 5394 1767 5460 ΙΙ
1813 5390 1847 5444 29
1865 5392 1946 5445 Fato!
1963 5393 2004 5446 bic
2020 5393 2097 5445 Mat

454 5484 481 5534 in
501 5481 559 5535 At.
571 5481 628 5536 114,
650 5483 703 5538 08.
779 5485 861 5538 Verba
879 5486 930 5538 uic
948 5488 968 5537 1.
987 5493 1030 5538 rte.
1049 5487 1175 5538 claudunt
1192 5504 1290 5555 semper
1307 5486 1438 5538 rubricam
1455 5486 1483 5536 r‘n
1503 5482 1562 5535 Au.
1632 5483 1749 5551 patribus
1766 5482 1806 5534 vel
1830 5483 1921 5534 matria
1943 5482 2095 5534 donationem

454 5567 545 5622 AM.
590 5571 763 5634 dominorum]
781 5573 814 5623 od
832 5573 960 5625 ruinarum
975 5571 1028 5625 03.
1075 5573 1087 5639 ΙΙ
1132 5571 1165 5626 31
1184 5582 1210 5626 et
1226 5592 1274 5626 orn.
1296 5571 1391 5634 A3.4;
1410 5574 1432 5624 si
1452 5573 1540 5624 ebriae.
1584 5568 1706 5638 allegata]
1724 5570 1839 5637 obligata
1858 5567 1950 5621 ΑΜ.
1994 5566 2097 5637 probatis

452 5674 502 5709 om.
522 5653 581 5709 ΑΒ.
592 5654 618 5709 4.
671 5656 790 5724 indicem]
810 5658 924 5711 locorum
948 5660 1009 5711 odd
1037 5659 1121 5712 Clsioc.
1176 5661 1296 5713 lisionum
1310 5657 1374 5718 A&
1398 5660 1517 5711 litionum
1531 5656 1594 5718 Aa
1622 5658 1730 5710 lesioues
1750 5654 1806 5720 033
1831 5656 1953 5708 laesionis
1977 5657 2060 5706 tbice.
2089 5647 2128 5716 1111

451 5740 486 5794 32
503 5743 562 5805 cut]
581 5745 603 5793 si
620 5744 683 5797 add.
702 5742 761 5797 Aa.
809 5746 933 5799 dodrante
950 5743 1007 5808 033
1025 5747 1139 5800 doridem
1157 5744 1215 5799 114.
1268 5747 1294 5798 id
1312 5755 1350 5798 eat
1368 5763 1416 5796 oca.
1436 5742 1494 5796 Aa.

558 5931 584 5998 l)
605 5929 662 5998 Ofr.
681 5930 742 5987 Lib.
761 5937 844 5988 const.
863 5933 903 5990 ct.
916 5935 949 5990 1:
967 5934 1007 5989 De
1025 5935 1156 5990 libertate
1175 5933 1298 5990 donandi
1317 5933 1445 6004 patribus
1462 5932 1608 5988 adtributa
1627 5935 1655 5987 et
1673 5930 1834 5986 muneribus
1852 5928 1935 6000 regie.
