4492 6638
422 644 440 706 8
882 647 997 704 LEGES
1016 648 1325 706 BURGUNDIONUM.
1345 679 1378 688 -
1397 648 1613 705 PRAEFATIO.

421 819 489 898 ipso
515 818 715 894 Gundotado
737 848 758 890 a
781 826 857 889 libra
880 823 1141 888 constitutimrum
1163 826 1336 900 seiunctas,
1359 823 1485 903 partim
1506 823 1759 901 emutitutiones,
1782 845 1957 905 quaecum
1978 832 2075 890 autea

421 921 496 986 libri
525 932 784 995 constitutionum
811 932 924 1004 essent,
955 927 1083 991 novellis
1110 949 1148 992 ere
1177 927 1255 992 libro
1282 927 1442 991 submonte
1467 932 1556 1003 sunt,
1587 948 1651 991 csse
1677 927 1810 1009 deniqne
1838 930 2076 996 constitutiones

421 1051 515 1111 quae,
546 1053 740 1114 quamquam
767 1032 845 1096 libro
873 1030 1131 1094 constitutionum
1160 1032 1294 1095 minores
1320 1034 1397 1093 sunt
1424 1034 1540 1106 aetate,
1576 1035 1681 1094 tamen
1708 1052 1874 1112 nunqnam
1902 1033 1938 1096 in
1960 1033 2077 1098 libram

421 1136 526 1215 ipsum
558 1142 696 1217 receptae
729 1140 814 1199 sunt.
867 1133 955 1216 Quae
987 1133 1224 1197 constitutiones
1256 1133 1321 1213 fere
1353 1132 1532 1214 fraqmenta
1565 1139 1641 1197 snnt
1674 1133 1773 1215 155555
1809 1135 1846 1198 in
1878 1135 2076 1217 Bnrqnudia

421 1236 576 1316 latarum,
598 1239 723 1319 partim
755 1239 791 1301 in
819 1234 1079 1300 constitutionum
1106 1233 1184 1298 libro
1206 1237 1331 1315 partim
1361 1241 1452 1299 entra
1484 1235 1600 1299 librum
1621 1240 1746 1300 seruata
1768 1237 1843 1318 (cfr.
1866 1239 1962 1302 etiam
1985 1239 2075 1303 Inbr.
2107 1267 2119 1304 s

421 1344 517 1403 const.
535 1342 625 1418 titt,
649 1344 710 1423 87,
733 1361 794 1420 qua
818 1339 881 1404 1555
904 1337 953 1402 tea
973 1337 1064 1401 nobis
1078 1360 1142 1402 non
1156 1344 1233 1402 5515
1248 1337 1307 1404 ‘De
1323 1338 1455 1402 caballis
1470 1339 1658 1402 inuentieiis’
1674 1343 1955 1426 commemoratur),
1980 1362 2077 1422 eaque

422 1465 487 1508 non
518 1443 593 1509 leuis
623 1445 769 1509 momenti
796 1444 840 1506 ad
869 1441 1104 1523 intelliqendnm
1130 1455 1335 1524 prcqressnm‘
1366 1448 1395 1506 et
1428 1442 1512 1506 iuris
1543 1443 1631 1524 requi
1661 1442 1866 1525 Burqundici
1894 1450 1923 1508 et
1951 1446 2076 1510 amerino

422 1549 507 1613 iuris
533 1549 726 1613 Germanici.

529 1660 639 1740 Neque
667 1657 864 1724 Gundebado
895 1677 993 1738 neque
1021 1657 1226 1738 Siqismundo
1256 1661 1286 1721 et
1311 1657 1502 1733 Gadamaro,
1537 1658 1594 1738 qni
1616 1658 1656 1728 ei
1688 1664 1918 1737 mneossernnt,
1953 1661 2078 1742 repibus

424 1761 501 1827 liber
518 1763 783 1827 constitutionum
799 1759 925 1840 publice
947 1765 1139 1824 retractatus
1160 1765 1214 1824 est.
1249 1760 1326 1824 Post
1348 1759 1611 1824 enitiumdamus
1632 1761 1847 1842 requiemque
1866 1761 2077 1844 Bnrqundico
2097 1791 2122 1830 ιο

424 1889 525 1934 everso
553 1869 593 1952 (c.
616 1870 826 1949 532-534),
860 1866 1038 1930 auotoritas
1067 1866 1151 1928 *iures
1173 1862 1379 1946 Burqundici
1406 1864 1569 1928 remansit.
1620 1863 1662 1929 Ut
1686 1865 1850 1943 prioribus
1877 1867 2076 1950 temporebus,

424 1974 519 2038 etiam
542 1973 666 2054 reqibus
687 1971 889 2034 Francorum
912 1969 1148 2033 dominantibus
1170 1969 1237 2044 ius,
1259 1967 1344 2049 quad
1366 1965 1643 2031 constitutionibus
1664 1986 1772 2049 reqnm
1793 1967 2078 2050 Burqundicorum

428 2076 660 2152 continebatur,
690 2080 797 2138 ratum
819 2077 903 2150 erat;
935 2071 992 2151 cfr.
1017 2071 1125 2134 Form.
1148 2069 1253 2133 Marc.
1278 2070 1311 2146 I,
1327 2071 1362 2147 8,
1383 2069 1453 2132 LL.
1476 2070 1584 2134 Form.
1601 2091 1637 2150 p.
1655 2073 1705 2136 48.
1751 2071 1913 2136 Numerus
1934 2071 2034 2154 lequm
2056 2096 2077 2138 5

427 2181 552 2264 reqibus
565 2177 787 2260 Burqnndicis
807 2175 948 2238 latarum
966 2194 1031 2238 non
1049 2173 1232 2255 arrqebatnr,
1255 2172 1334 2253 quia
1344 2173 1498 2252 propriae
1513 2171 1590 2254 leqes
1603 2173 1891 2256 Burqnndionibus
1904 2197 1968 2241 non
1983 2179 2077 2243 datae

425 2288 509 2346 sunt.
555 2281 777 2362 Proqredientc
804 2284 910 2342 autem
931 2283 1066 2357 tempore
1092 2277 1133 2353 ii,
1160 2277 1217 2357 qni
1243 2277 1313 2340 iure
1335 2275 1545 2357 Bnrqundico
1567 2278 1751 2356 utebantur,
1781 2279 1966 2361 simpliciter
1988 2286 2017 2344 et
2045 2283 2079 2345 in
2098 2316 2121 2354 15

432 2385 543 2448 Gallia
565 2389 594 2448 et
616 2386 652 2446 in
673 2381 774 2446 Italia
797 2381 1037 2461 ‘Guntbadinqi
1064 2379 1288 2461 Guntbodinqi,
1315 2378 1514 2443 Gundebadi
1537 2380 1795 2461 appellabantur;
1821 2405 1847 2446 5.
1868 2384 1936 2450 LL.
1958 2383 2078 2465 GapI,

423 2509 458 2572 p.
476 2491 517 2553 58
541 2496 586 2569 (5.
601 2489 694 2569 789);
713 2507 749 2566 p.
767 2489 804 2547 77
822 2491 867 2566 (a.
883 2488 978 2562 794);
1007 2483 1065 2563 ct'r.
1089 2504 1113 2546 c.
1131 2487 1178 2547 14.
1206 2482 1240 2548 C.
1258 2485 1309 2560 22,
1332 2504 1384 2564 qu.
1399 2488 1435 2560 5;
1461 2482 1621 2548 Certatur.
1636 2484 1773 2566 Lanqob.
1790 2487 1859 2550 LL.
1877 2489 1901 2551 Ι
1905 2487 1939 2566 V,
1956 2510 1992 2569 p.
2006 2493 2078 2554 595.

426 2591 522 2656 Hane
543 2590 806 2672 siqniticatimrcm
828 2609 899 2650 eum
922 2585 1144 2670 appellatione,
1172 2608 1236 2667 qua
1259 2585 1335 2650 liber
1357 2587 1618 2652 constitutionum
1639 2591 1747 2652 notari
1768 2589 1858 2668 salet,
1886 2591 1962 2674 leqis
1986 2591 2077 2657 Gun-

426 2697 565 2761 debadue
588 2732 626 2742 —
656 2694 715 2775 cfr.
738 2693 806 2758 LL.
835 2691 911 2774 Gap.
935 2694 969 2770 I,
994 2714 1030 2772 p.
1052 2696 1110 2756 170
1140 2703 1184 2772 (a.
1210 2693 1419 2769 8111-813),·
1452 2692 1520 2758 LL.
1543 2694 1617 2770 ΙΙΙ,
1638 2714 1675 2773 p.
1696 2697 1775 2772 505;
1807 2693 1869 2772 IV,
1892 2717 1929 2776 p.
1952 2700 2014 2761 595
2038 2734 2079 2744 -

426 2805 520 2881 atque
552 2820 624 2863 cum
652 2797 903 2882 professionibus
935 2797 1019 2859 iuris
1049 2833 1086 2841 -
1114 2795 1173 2875 cfr.
1196 2795 1362 2874 Bernard,
1395 2795 1529 2862 Glartes
1557 2797 1593 2861 de
1619 2796 1727 2880 Glnny
1748 2798 1781 2875 I,
1805 2819 1841 2878 p.
1861 2802 1936 2877 176,
1966 2822 1998 2864 n.
2019 2802 2079 2866 189
2098 2831 2124 2872 m

426 2905 471 2986 (a.
489 2906 583 2986 912).·
612 2901 789 2966 seeundum
814 2902 885 2984 lege
909 2921 982 2964 moa
997 2899 1173 2972 Gonbado;
1208 2899 1298 2963 Men.
1317 2899 1401 2964 Hist.
1418 2901 1553 2965 Patriae
1567 2901 1596 2977 I,
1612 2923 1649 2981 p.
1668 2904 1729 2965 584
1754 2907 1846 2983 (cart.
1870 2923 1900 2965 a.
1921 2906 2018 2986 1055)
2038 2941 2080 2950 —

427 3007 586 3070 artissime
614 3005 777 3069 cobaerere
806 3004 1012 3084 manifestum
1040 3008 1094 3066 est.
1147 3004 1289 3067 Frustra
1316 3011 1423 3068 antem
1451 3005 1487 3068 in
1515 3003 1592 3084 leqes
1614 3004 1802 3086 Aqobardns
1827 3006 2082 3088 archiepiscopus

426 3112 650 3194 Luqdunensis
671 3111 736 3176 IX.
766 3110 889 3174 saeculo
919 3109 1006 3174 ‘libro
1038 3110 1190 3174 adversus
1218 3108 1311 3189 leqem
1337 3107 1543 3173 Gundebadi’
1570 3108 1710 3172 inuectus
1737 3115 1790 3173 est.
1839 3111 1902 3192 Qui
1929 3131 2001 3174 cnm
2023 3111 2081 3176 im-

423 3216 568 3299 peratori
590 3215 764 3291 Ludooico,
794 3219 831 3276 nt
853 3213 947 3294 leqem
971 3213 1203 3277 Guudobadam
1230 3212 1364 3289 tolleret,
1391 3212 1584 3292 persuadere
1610 3213 1766 3286 studeret,
1797 3234 1868 3278 cum
1889 3214 1975 3295 qnod
1995 3215 2081 3280 male

426 3324 517 3395 esset,
557 3322 594 3382 nt
626 3318 665 3380 ab
700 3317 824 3382 homine
856 3321 958 3380 sectae
985 3316 1131 3379 Arianae
1164 3315 1245 3392 lata,
1281 3321 1348 3379 tum
1381 3315 1466 3396 quod
1499 3317 1660 3396 ‘perpauci
1690 3315 1837 3380 bominos'
1871 3323 1985 3396 essent,
2025 3320 2082 3400 qni
2099 3349 2123 3388 25

426 3443 495 3486 cam
522 3425 739 3502 sequerentur,
765 3419 953 3500 postularit,
985 3425 1021 3483 ut
1048 3440 1152 3483 coenes
1178 3440 1246 3482 una
1274 3418 1336 3499 leqe
1366 3423 1563 3498 reqermtnr·,·
1596 3419 1654 3499 cfr.
1678 3419 1747 3482 LL.
1770 3420 1843 3497 ΙΙΙ,
1867 3442 1902 3502 p.
1920 3426 1991 3486 504.
2009 3426 2082 3486 505.

373 3554 378 3561 ·
428 3524 533 3589 Ρ1555
566 3523 660 3588 aliter
690 3529 784 3604 atque
806 3523 995 3604 Aqobardus
1022 3521 1146 3586 sacerdo
1171 3521 1225 3585 VI.
1260 3522 1297 3586 de
1322 3520 1514 3585 Gundebadi
1542 3521 1659 3603 lapibus
1687 3523 1885 3588 indicaverat
1911 3524 2084 3608 Greqorius

429 3627 631 3704 Turonensis,
654 3627 768 3708 quiin
791 3626 876 3689 Hist.
901 3625 1021 3688 Franc.
1042 3624 1089 3701 II,
1107 3627 1156 3701 33,
1185 3624 1240 3689 88.
1266 3625 1306 3688 R.
1330 3624 1413 3688 Mer.
1431 3624 1458 3701 I,
1475 3645 1512 3704 p.
1531 3627 1581 3701 96,
1606 3624 1680 3688 1555
1702 3625 1914 3706 5555515511.-
1947 3628 2082 3693 Gundo-

427 3732 529 3795 badus
557 3730 845 3815 Burgundionibus
879 3730 970 3813 leges
1001 3729 1143 3792 mitiores
1175 3729 1331 3804 instituit,
1367 3749 1407 3792 ne
1436 3728 1603 3792 Romanos
1636 3729 1896 3814 obpraemerent.
1941 3731 2083 3796 Etiamsi

426 3855 508 3917 quae
537 3836 573 3898 in
600 3832 853 3915 professionibus
880 3833 963 3895 iuris
988 3831 1030 3895 X.
1060 3837 1089 3895 et
1114 3832 1175 3895 XI.
1203 3831 1322 3895 saeculi
1349 3831 1399 3895 lea
1424 3831 1642 3896 Gundebadae
1670 3840 1927 3899 commemoratur
1948 3856 2013 3900 non
2039 3837 2085 3899 ad
2101 3867 2127 3906 ³0

427 3939 528 4004 solnm
550 3937 665 4002 librum
687 3938 957 4013 constitutionum,
981 3935 1036 3999 sed
1050 3937 1163 4015 potins
1184 3937 1228 3999 ad
1249 3941 1349 3999 totum
1372 3936 1424 3999 ius
1439 3935 1712 4017 Bnrqnndionum
1730 3943 1859 4017 spectat,
1883 3943 1989 4004 tamen
2003 3940 2083 4004 milti

428 4043 553 4125 quidem
576 4041 708 4105 dubium
729 4061 793 4104 nen
815 4045 873 4116 est,
896 4039 977 4120 quin
998 4039 1090 4102 verba
1112 4037 1268 4119 Wiponis,
1290 4040 1430 4121 quaein
1455 4038 1560 4103 Gestis
1587 4038 1758 4104 Gbunradi
1779 4042 1827 4119 II,
1850 4063 1875 4106 c.
1895 4044 1944 4119 38,
1968 4043 2006 4107 de
2027 4043 2084 4108 boc

428 4148 616 4230 imperatore
642 4165 727 4208 anno
746 4145 838 4208 1038.
868 4164 907 4207 eu
929 4142 1030 4206 Italia
1058 4143 1206 4207 redeunte
1235 4142 1395 4224 bequntnr,
1426 4142 1470 4206 ad
1496 4143 1612 4207 librum
1638 4145 1897 4209 constitutionum
1919 4146 2084 4226 reformida

429 4250 504 4313 sint
545 4249 633 4330 Quae
654 4248 747 4312 verba
769 4252 864 4310 sunt:
893 4245 1050 4311 Eiusdem
1075 4247 1150 4309 anni
1173 4253 1329 4310 autumno
1347 4247 1574 4330 Burgundium
1597 4248 1676 4311 adiit
1699 4253 1732 4312 51
1755 4251 1940 4314 convocatis
1957 4252 2083 4314 cunetis

429 4352 630 4439 principibus
663 4353 754 4436 regni
787 4352 940 4435 generale
972 4351 1167 4436 colloquium
1197 4350 1311 4415 hebuit
1339 4372 1411 4414 cum
1445 4351 1492 4416 sis
1527 4359 1560 4415 51
1589 4352 1643 4415 diu
1671 4351 1842 4416 desuetam
1871 4359 1969 4438 atque
1998 4374 2082 4439 pene
2101 4383 2125 4422 ss

430 4457 570 4521 deletum
595 4458 702 4541 legem
725 4463 803 4519 tunc
827 4455 965 4539 primum
989 4453 1212 4538 Burgundium
1238 4455 1420 4540 praelibare
1445 4456 1584 4528 feceram
1622 4453 1677 4519 88.
1704 4455 1766 4532 XI,
1789 4477 1824 4536 p.
1842 4458 1915 4521 273.
1938 4462 1967 4521 51
1988 4457 2034 4522 ed.
2052 4459 2081 4521 2.

430 4557 486 4624 88.
509 4557 550 4623 R.
577 4557 692 4636 Germ,
723 4557 816 4638 Wipo
833 4578 867 4637 p.
886 4561 936 4622 tt.
1487 4619 1492 4626 ,

540 4671 628 4752 Quae
655 4670 693 4734 de
719 4671 790 4732 iure
811 4668 1022 4749 Bnrqundico
1042 4668 1273 4747 posterioribus
1299 4669 1488 4749 temporibus
1516 4669 1739 4747 tradebantur,
1771 4671 1815 4734 ad
1841 4672 2084 4736 eonsuetudines

429 4775 613 4839 recentiores
634 4772 847 4853 Bnrqundiae
870 4773 964 4836 medii
985 4773 1054 4835 aeui
1076 4771 1242 4851 referenda
1264 4778 1359 4848 sunt;
1391 4773 1448 4853 etr.
1472 4772 1540 4836 LL.
1563 4773 1631 4850 III,
1649 4792 1684 4855 p.
1703 4777 1775 4839 506.

537 4894 580 4958 Id
600 4893 684 4975 quad
706 4893 744 4956 de
764 4893 900 4956 listoria
923 4892 1023 4974 lequm
1042 4915 1063 4956 a
1079 4893 1349 4974 Bnrqnndionum
1372 4895 1496 4976 reqibus
1518 4894 1659 4958 15155555
1680 4895 1921 4975 disputavimus,
1944 4897 1974 4960 si
1995 4917 2084 4961 mnne
2101 4927 2127 4966 u

430 5003 566 5079 spectas,
595 5018 666 5061 cnm
693 5017 799 5061 eornm
822 4997 984 5061 bominum
1005 4996 1164 5060 decimum
1189 4998 1370 5061 recentioris
1391 4998 1506 5062 aetatis
1529 4999 1685 5062 sententia
1707 5001 1858 5078 concinit,
1887 5002 1944 5082 qui
1966 5001 2003 5064 de
2025 5001 2084 5064 lac

430 5123 464 5165 re
486 5101 717 5182 quaesiverunt.
770 5098 841 5164 Una
864 5100 1040 5164 enimcum
1063 5098 1219 5180 Bindinq,
1243 5099 1407 5176 Brunner,
1432 5099 1601 5164 Sclroeder
1622 5100 1824 5181 affirmamus
1850 5101 2083 5167 Gundebadnm

430 5204 504 5268 libri
519 5205 779 5269 comtitedionnm
801 5223 901 5266 anam
916 5207 1042 5267 tantum
1063 5203 1274 5266 redactionem
1287 5202 1408 5282 fecisse,
1431 5205 1487 5283 qui
1502 5203 1580 5267 liber
1590 5210 1701 5287 postea
1715 5204 1833 5286 leqibus
1852 5207 1981 5272 novellis
1995 5206 2085 5272 baud

425 5309 544 5390 paucis
566 5306 780 5386 amplificatus
802 5311 855 5369 est.
890 5304 1095 5370 Dissentiunt
1117 5306 1152 5382 ii,
1176 5306 1232 5386 qni
1254 5305 1344 5369 illum
1361 5306 1476 5371 librum
1491 5308 1673 5385 identidem,
1696 5309 1745 5373 bis
1765 5309 1813 5373 vel
1833 5316 1889 5387 ter,
1913 5316 2085 5375 tractatum

431 5433 495 5476 csse
517 5412 637 5488 dicunt,
658 5411 802 5490 primum
825 5414 854 5472 et
873 5408 1009 5473 alterum
1020 5408 1166 5489 plerique
1186 5409 1281 5472 aiunt
1303 5431 1324 5472 5
1340 5409 1545 5488 Gundebado,
1569 5413 1697 5476 tertium
1718 5433 1739 5474 5
1755 5411 1967 5495 Siqismundo,
1991 5416 2085 5479 cuins
2102 5443 2127 5482 5

433 5515 528 5580 editio
550 5535 618 5579 una
640 5515 764 5595 inteqra
784 5517 909 5577 serata
931 5505 1005 5577 sit¹.

537 5721 563 5788 1)
584 5720 706 5787 Bouquet
718 5719 735 5772 1.
743 5733 764 5771 5.
778 5717 798 5771 1
801 5718 829 5786 V,
838 5736 868 5786 p.
879 5719 939 5786 252,
957 5720 1005 5786 cfr.
1015 5721 1105 5789 praes.
1114 5739 1144 5788 p.
1155 5729 1221 5788 rm,
1234 5722 1293 5776 255.
1312 5725 1383 5775 551..··
1407 5722 1476 5774 ‘enni
1489 5720 1686 5790 lindenbroqio
1698 5721 1858 5789 crediderim,
1872 5738 1929 5776 eam
1942 5739 1960 5775 5
1974 5721 2085 5776 thida

433 5822 510 5876 baldo
530 5822 658 5876 1555551155
672 5821 755 5891 prius
772 5820 873 5889 datam,
893 5839 911 5873 a
927 5821 985 5889 filio
1001 5839 1050 5876 suo
1068 5822 1238 5893 8151555555
1257 5823 1382 5878 eadwino
1400 5824 1567 5879 enceniatum
1584 5826 1668 5892 fuisse
1687 5831 1766 5894 utque
1780 5827 1982 5896 promutqatam
1998 5826 2087 5893 quatis

431 5941 507 5980 nunc
529 5927 630 5979 eustati
666 5921 789 5979 Eandem
810 5923 865 5990 sere
886 5927 1044 5980 antatium
1062 5927 1142 5981 etiam
1159 5945 1182 5982 5.
1196 5927 1314 5998 8551555
1331 5931 1458 5997 sequitur,
1481 5929 1529 5998 qui
1549 5930 1695 5984 mamaeam
1709 5935 1814 6000 partem
1831 5931 2051 5986 cmmtitutionum
2069 5948 2087 5984 a
