4492 6638
439 567 477 626 10
898 559 1009 615 inens
1028 556 1336 614 BURGUNDIONUM.
1360 585 1389 593 -
1407 554 1622 609 Pnnnrnrle

431 736 576 798 iunctum
599 733 728 816 lapicius
749 754 819 796 cuni
836 733 1040 815 praefatione
1061 753 1157 814 proin
1180 731 1290 796 dicunt
1305 730 1447 810 primam
1469 733 1525 807 (=
1545 749 1596 810 pr.
1620 731 1715 790 coiist.
1731 725 1787 804 A).
1831 724 2008 806 lepislator
2028 723 2088 805 pai

430 837 570 920 loquitur
604 837 685 900 idern
718 842 763 900 est
796 842 891 918 atque
924 838 965 913 is,
998 837 1054 916 qui
1087 835 1181 899 initio
1215 854 1326 898 reomao
1358 854 1453 897 suuni
1486 832 1552 894 iam
1587 831 1685 894 edidit
1719 829 1852 911 lupisque
1887 828 2015 892 latorem
2054 849 2087 892 sc

433 963 497 1006 csse
518 940 671 1021 affimat.

542 1051 661 1134 Qriedsi
683 1053 749 1114 mm
771 1052 846 1114 liacc
868 1072 949 1132 quac
971 1053 1060 1116 inodo
1076 1051 1277 1134 inposuimus
1292 1052 1474 1129 orpummto
1489 1051 1573 1123 surit,
1597 1044 1833 1124 inscriptionem
1849 1044 1884 1106 in
1898 1063 1969 1107 cuni
1984 1041 2087 1107 locum

432 1178 496 1222 non
510 1156 679 1238 quadrare,
702 1176 792 1236 quem
813 1157 848 1219 in
868 1155 1033 1232 codicibus,
1055 1157 1112 1236 qui
1131 1155 1190 1219 soli
1205 1153 1370 1234 prolopnm
1385 1152 1512 1232 primae
1533 1147 1768 1213 constitutionis
1781 1146 1902 1227 fornace
1914 1146 1947 1209 A
1960 1145 2085 1223 biibnit,
2118 1172 2131 1210 e

433 1265 462 1323 ct
484 1260 520 1323 in
542 1258 733 1323 editionibus
754 1259 877 1337 obtinet,
900 1259 1041 1340 quaestio
1066 1258 1199 1334 censistit,
1222 1276 1360 1337 quaram
1382 1255 1470 1319 niodo
1493 1275 1526 1317 co
1550 1253 1697 1316 aberrare
1713 1251 1864 1331 potuerit.
1910 1251 1983 1313 lain
2004 1248 2088 1312 illud

434 1363 602 1427 tenendum
616 1368 670 1440 est,·
693 1363 729 1425 in
743 1363 910 1440 codicibus,
934 1364 990 1444 qui
1005 1383 1117 1439 oriiiics,
1139 1362 1169 1425 si
1179 1361 1211 1424 A
1224 1365 1249 1424 1.
1263 1363 1282 1422 i
1299 1359 1503 1438 recipiamus,
1521 1354 1763 1437 parapraplmm
1778 1353 1866 1417 illam
1883 1374 1946 1416 non
1962 1352 2085 1429 babuit,

433 1466 668 1547 inscriptionem
690 1486 755 1530 non
776 1465 876 1530 solum
899 1466 998 1530 iocum
1020 1465 1131 1528 babere
1147 1462 1349 1546 paraprapbi
1364 1462 1500 1542 primae,
1523 1460 1578 1523 sed
1600 1459 1696 1522 ctiam
1719 1458 1849 1521 initium
1863 1456 1967 1536 faeere
1988 1455 2086 1520 totius

431 1569 505 1634 libri
531 1570 798 1634 corstitutionum.
846 1569 909 1634 Res
936 1570 982 1632 ita
1012 1568 1166 1649 replicari
1190 1573 1306 1648 potest,
1340 1571 1377 1629 ut
1403 1566 1503 1645 tuisse
1525 1563 1644 1628 codices
1665 1561 1898 1640 manuscriptos
1913 1579 2085 1640 ponamin,

430 1673 487 1754 qui
519 1673 645 1737 annino
679 1672 884 1754 inscriptione
914 1677 1071 1748 carerent,
1105 1671 1253 1735 lrabcrent
1279 1675 1385 1733 autem
1410 1668 1644 1749 praetetianum
1672 1685 1768 1746 quarn
1796 1665 1907 1728 dicunt
1930 1665 2130 1744 primamne

430 1796 558 1857 eamque
584 1781 664 1839 recte
686 1776 913 1840 antecedentem
938 1777 1038 1840 uirbis
1060 1776 1182 1840 Amore
1207 1775 1365 1846 iustitiae;
1392 1777 1504 1852 postca
1526 1771 1670 1834 additam
1693 1769 1928 1847 inscriptionem
1950 1767 2085 1848 aliisque

348 1961 350 1966 Ι
431 1880 467 1942 in
493 1878 650 1942 codicibus
677 1878 770 1942 aliter
795 1879 983 1958 descriptam
1010 1901 1089 1955 essc,
1125 1879 1172 1941 ita
1197 1883 1234 1941 ut
1261 1878 1306 1940 cis
1332 1883 1361 1940 et
1382 1874 1545 1955 praefatio
1560 1875 1672 1954 prima
1695 1872 1750 1934 illa
1772 1876 1802 1934 ct
1823 1871 1988 1950 inscriptio
2011 1891 2084 1934 coii-

431 1984 615 2060 tinerentur,
638 2003 750 2065 caeqm
772 2005 830 2047 suo
852 1983 975 2058 ordinm,
1003 1983 1208 2064 inscriptione
1229 1981 1443 2057 antecedente;
1469 1979 1580 2043 deinde
1603 1977 1750 2041 oririssoin
1772 1995 1835 2038 csse
1854 1973 2086 2055 mactationem

427 2086 568 2169 primam
588 2088 760 2168 penninam
782 2086 1029 2167 ascriptoribus
1051 2085 1202 2164 librariis,
1225 2085 1339 2166 quibus
1360 2083 1526 2163 inscriptio
1548 2082 1694 2162 sufficere
1715 2080 1882 2156 uideretur,
1904 2079 1989 2160 quod
2009 2079 2086 2144 baec

425 2187 536 2268 prium
568 2186 731 2267 praefatio
764 2192 983 2269 arpumentnm
1017 2187 1235 2266 inscriptionis
1269 2185 1438 2266 implicaret
1469 2206 1567 2264 neque
1597 2183 1696 2246 sillam
1727 2183 1812 2246 iuris
1842 2183 1982 2265 repulam
2012 2201 2084 2246 cmi·
2105 2205 2128 2242 is

431 2291 545 2355 tineret
567 2327 607 2337 -—
630 2312 726 2371 praem
747 2292 874 2371 primae
896 2292 1131 2356 constitutionis
1152 2292 1288 2371 territam
1305 2290 1441 2370 plurimi
1464 2278 1586 2354 codices
1604 2289 1720 2352 serrati
1736 2288 1890 2367 praebent
1912 2308 1969 2363 -;
1996 2293 2085 2368 post-

431 2415 513 2458 renio
536 2393 617 2458 alios
630 2395 804 2478 ‚scriptores
826 2393 974 2458 librarios
991 2394 1224 2474 praefationem
1240 2395 1381 2475 prinmm
1401 2395 1570 2474 penninam
1595 2414 1633 2456 cic
1655 2393 1697 2454 iis
1719 2391 1888 2468 codicibus,
1918 2391 1974 2472 qui
1991 2391 2085 2474 prin·-

431 2497 562 2578 cipalem
590 2497 725 2576 ferinam
752 2499 878 2577 prinmo
905 2499 1138 2562 constitutionis
1166 2498 1333 2575 habebant,
1370 2493 1533 2577 recepisse,
1565 2496 1768 2576 inscriptione
1795 2502 1900 2559 tamen
1920 2499 2086 2575 postcom

427 2621 595 2683 perperam
615 2607 745 2665 retenta.

539 2711 670 2794 Siquis
690 2714 853 2794 putauerit
874 2714 946 2793 fieri
973 2734 1036 2778 iton
1061 2735 1163 2792 posse,
1193 2718 1229 2776 ut
1251 2733 1332 2792 piune
1353 2713 1473 2776 codices
1495 2711 1630 2775 babeant
1653 2711 1713 2774 liae
1735 2712 1858 2776 ratimie
1880 2709 2084 2791 explicantur,
2104 2729 2131 2768 ie

431 2821 510 2880 certe
543 2817 650 2896 opriino
688 2822 798 2880 nestra
829 2817 963 2896 probari
995 2817 1120 2880 eittetur
1152 2817 1357 2896 inscriptione
1390 2817 1427 2879 de
1459 2836 1524 2896 qua
1557 2816 1665 2896 apitur
1691 2815 1819 2895 primae
1852 2814 2087 2878 constitutionis

430 2918 594 3000 dilipenter
615 2924 763 2999 spectata.
813 2922 883 3001 Qua
910 2941 949 2984 ec
977 2941 1011 2983 re
1038 2920 1073 2983 id
1095 2920 1238 2999 primum
1260 2926 1406 3000 apparet,
1435 2919 1670 2998 inscriptionem
1691 2939 1729 2982 ca·
1751 2917 1963 2997 compluribus
1979 2919 2086 2999 parti-

431 3023 489 3086 bus
521 3024 723 3104 compositam
755 3045 831 3100 csse,
865 3024 991 3100 deinde,
1024 3023 1126 3088 allum
1159 3029 1377 3105 arpurrientum
1411 3023 1455 3086 ad
1487 3022 1715 3102 ccqiiimuduin
1749 3027 1884 3102 tenpus,
1917 3042 1978 3103 quo
2010 3021 2087 3086 liber

431 3126 691 3190 cunstitutionum
712 3128 908 3206 conscriptus
929 3128 987 3204 sit,
1020 3149 1058 3190 rea
1080 3128 1286 3210 inscriptione
1308 3126 1379 3190 clici
1401 3148 1464 3190 uon
1483 3147 1580 3205 posse.
1627 3125 1727 3189 Haud
1749 3125 1824 3190 leuis
1847 3126 1945 3207 ipiticr
1969 3127 2005 3190 in
2026 3126 2086 3189 liae

430 3251 483 3293 re·
505 3231 653 3294 momenti
688 3252 757 3293 iiico
798 3231 924 3311 quidem
965 3232 1121 3294 saltent-ia
1159 3232 1195 3294 id
1230 3237 1289 3308 est,
1332 3232 1416 3312 quod
1451 3229 1648 3312 sinpuloram
1685 3231 1827 3294 codicum
1863 3229 2085 3309 inscriptiones
2103 3249 2127 3288 n

431 3353 528 3413 quam
555 3333 692 3396 umciiue
722 3333 805 3397 inter
832 3356 864 3397 se
891 3334 1085 3414 discrepant,
1127 3357 1264 3415 quarum
1291 3333 1535 3415 inscriptionum
1561 3335 1669 3398 verba:
1709 3335 1791 3398 liber
1819 3335 2085 3420 constitutionum

432 3436 473 3500 de
507 3438 692 3521 praeteritis
728 3445 760 3502 et
795 3438 1024 3523 praesentibus
1062 3449 1159 3524 atque
1199 3439 1229 3502 in
1265 3447 1457 3526 perpetuum
1489 3437 1722 3502 conservandis
1757 3437 1885 3522 legibus
1919 3439 2086 3502 veterrima

425 3559 508 3621 pars
540 3561 604 3603 esse
635 3540 791 3604 ridentur.
851 3541 998 3622 Tenemus,
1042 3564 1102 3622 quo
1137 3541 1213 3605 liber
1246 3542 1406 3622 confectus
1438 3544 1493 3619 sit,
1532 3543 1617 3622 quod
1649 3541 1775 3621 quidem
1808 3563 1847 3604 ea
1881 3542 2086 3622 inscriptione

431 3663 665 3725 cepnoscanius,
692 3644 721 3707 si
743 3644 840 3723 lectio,
866 3651 1032 3726 quaeest:
1062 3646 1288 3730 gloriosissimi
1314 3647 1524 3732 Sigismundi,
1542 3645 1709 3726 probatur,
1739 3649 1784 3707 est
1807 3644 1873 3708 dies
1897 3647 1946 3710 29.
1971 3645 2087 3709 niensis

431 3745 552 3810 Martii
577 3748 658 3810 anni
681 3750 753 3810 517.
798 3747 945 3812 Eundem
968 3749 1050 3812 diem
1077 3750 1172 3812 ctiam
1201 3750 1237 3812 in
1263 3752 1326 3829 tine
1354 3751 1401 3814 tit.
1419 3753 1469 3813 si.
1498 3749 1572 3814 libri
1593 3749 1852 3813 constitutionum
1875 3747 2018 3830 lepimus,
2048 3749 2086 3812 dc
2104 3771 2130 3810 se

431 3851 524 3914 cuias
553 3850 795 3931 subscriptionis
825 3851 1004 3934 intepritatc
1037 3853 1181 3916 dubitari
1212 3875 1277 3916 rien
1307 3859 1414 3932 potest.
1461 3853 1630 3918 Praeterea
1663 3857 1769 3916 autern
1801 3852 1958 3916 iudiciuin
1986 3850 2084 3934 Sipis-

430 3953 544 4018 mundi
564 3954 655 4034 repis,
677 3955 761 4034 quod
782 3954 874 4018 titulo
898 3954 951 4020 illo
974 3957 1161 4034 continetur,
1185 3959 1238 4021 ‘ad
1258 3959 1354 4021 uicem
1374 3979 1546 4022 iriansurac
1566 3959 1601 4022 in
1615 3979 1725 4021 acuum
1740 3956 1815 4038 lepis
1822 3955 1996 4036 prolatum’
2011 3977 2084 4034 esse,

430 4057 573 4137 liancquc
595 4055 668 4138 lepis
690 4057 753 4120 cim
775 4058 804 4121 ci
825 4079 890 4122 non
902 4065 1015 4139 postea
1032 4081 1070 4122 ea
1085 4061 1246 4124 occasione
1260 4062 1408 4141 quadani,
1431 4062 1565 4141 t'ortasse
1580 4083 1650 4125 cum
1665 4063 1781 4125 iterum
1796 4059 1874 4124 liber
1888 4060 2084 4125 constitutio·

430 4181 508 4224 num
530 4159 681 4237 ederetur,
703 4161 890 4226 attributam
911 4184 984 4239 esse,
1008 4185 1080 4226 cum
1102 4186 1141 4227 ca·
1162 4165 1303 4228 uniuersi
1324 4165 1439 4228 iudicii
1461 4171 1564 4230 toriae
1587 4170 1653 4229 tum
1676 4186 1714 4228 ca
1730 4164 1845 4228 uerbis:
1868 4164 2083 4228 consideratio

431 4271 619 4329 sanctorum
649 4263 772 4329 dierum
803 4267 954 4346 sequitur.
1006 4266 1092 4331 Nam
1122 4269 1158 4330 in
1186 4267 1268 4332 diem
1296 4268 1412 4348 festum
1435 4269 1578 4333 Pasclcac
1606 4307 1643 4314 -
1674 4269 1717 4332 ad
1745 4267 1972 4332 solemnitatem
2001 4268 2084 4332 enim
2102 4301 2127 4340 ³5

432 4367 574 4432 Pascbae
611 4366 687 4430 baec
720 4368 812 4432 uerba
847 4375 989 4449 spectant
1018 4409 1074 4448 -,
1114 4372 1171 4451 qui
1204 4371 1271 4434 dies
1305 4391 1389 4436 anno
1419 4376 1491 4436 517.
1522 4378 1590 4435 crat
1618 4375 1668 4435 io.
1701 4373 1818 4436 mensis
1847 4371 1979 4449 Martii,
2018 4371 2085 4435 dies

430 4471 664 4536 coristitutionis
685 4471 798 4551 optime
819 4472 967 4552 pimdrat.
1014 4471 1139 4537 Deinde
1168 4475 1198 4537 si
1220 4475 1332 4554 prium
1357 4475 1450 4539 cerba
1473 4476 1571 4539 tritius
1592 4474 1680 4538 tituli
1696 4478 1746 4538 52.
1769 4476 1970 4556 respicimus:
2003 4495 2083 4560 quo·

431 4575 515 4638 tiens
553 4572 713 4638 eiusmodi
752 4595 889 4638 censae¹
913 4584 1129 4661 consurgunt,
1153 4576 1207 4656 ¹de
1241 4578 1356 4662 quibus
1396 4578 1475 4664 nihil
1511 4580 1778 4664 praecedentium
1813 4581 1922 4664 legum
1961 4583 2085 4643 statute

431 4679 613 4755 iusserunt,
648 4698 687 4740 ne
714 4678 847 4759 copitari
868 4679 994 4759 quiam
1010 4685 1127 4762 potest,
1157 4701 1254 4762 reperii
1278 4681 1411 4746 bicuiuis
1433 4681 1533 4765 upum
1555 4705 1620 4747 non
1641 4683 1836 4764 ipnorantcm
1858 4681 1961 4747 codem
1983 4682 2034 4746 die
2056 4687 2085 4745 et

429 4781 523 4846 talem
551 4779 700 4845 unuani
728 4781 886 4863 sinpulari
914 4781 975 4865 lepc
1003 4785 1187 4864 enpilcoissc,
1218 4794 1248 4850 ct
1274 4787 1389 4852 librum
1416 4791 1675 4854 constitutionum
1703 4789 1836 4852 edidisse
1864 4793 2080 4866 retractatum,
2100 4817 2126 4855 ie

429 4885 521 4950 inulla
542 4885 778 4949 retractationis
799 4887 953 4950 mentione
974 4887 1081 4968 t'acta;
1114 4889 1171 4970 cfr.
1192 4890 1319 4972 Gaupp,
1342 4891 1361 4955 l.
1379 4915 1404 4956 c.
1423 4915 1457 4973 p.
1475 4897 1556 4971 mr,-
1586 4893 1748 4969 Brunuer,
1772 4891 1791 4955 l.
1808 4914 1833 4958 c.
1851 4911 1886 4972 p.
1905 4893 1978 4956 338.
2017 4891 2083 4956 Nec

431 4990 538 5054 minus
562 4987 711 5070 previbus
737 4989 845 5052 causis
865 4989 1079 5070 probibentur,
1112 5013 1151 5055 ue
1178 4992 1306 5058 lectione
1332 4993 1402 5072 illa,
1434 5015 1514 5076 quae
1537 5002 1598 5060 est:
1631 4995 1855 5081 gloriosissimi
1876 4992 2083 5073 Gundebadi,

429 5097 564 5169 retenta,
587 5091 805 5172 inscriptionis
826 5099 948 5174 tempus
969 5101 1050 5158 recte
1071 5119 1104 5160 se
1125 5096 1237 5161 babere
1252 5103 1411 5178 putemus.
1460 5099 1551 5180 Quod
1571 5101 1601 5163 si
1621 5101 1670 5163 ita
1692 5103 1782 5175 esset,
1806 5099 1984 5178 caeseripta
2006 5103 2085 5162 esset

430 5201 488 5259 aut
504 5195 615 5276 priore
635 5194 767 5258 dimidio
785 5197 887 5260 octavi
901 5198 1043 5262 decennii
1058 5198 1092 5262 V.
1109 5199 1229 5263 saeculi
1243 5206 1301 5264 aut
1316 5221 1400 5265 anno
1414 5205 1485 5280 502,
1503 5209 1602 5282 prout
1616 5224 1718 5267 annos
1734 5202 1821 5284 repni
1835 5201 2029 5266 Gundebadi
2043 5202 2083 5266 ab

429 5319 463 5364 eo
485 5319 579 5375 anno,
602 5319 623 5361 a
645 5319 706 5380 quc
727 5297 813 5364 solus
834 5303 983 5382 repnaoit,
1006 5309 1232 5383 computamus,
1255 5310 1314 5367 out
1335 5305 1374 5368 ab
1396 5327 1439 5382 ee,
1462 5327 1484 5369 a
1506 5328 1566 5387 pue
1583 5308 1718 5384 oiniiino,
1741 5327 1810 5370 una
1829 5305 2081 5385 cumfratribus,
2100 5334 2125 5372 is

430 5423 561 5484 repnum
582 5403 667 5466 iniit.
704 5403 892 5485 liquidem
913 5426 978 5469 non
999 5407 1228 5487 astinnaocrim
1250 5409 1367 5472 uilium
1389 5432 1461 5488 esse,
1485 5411 1569 5492 quod
1590 5410 1689 5492 lepum
1711 5410 1841 5475 litionis
1860 5417 2000 5492 tempora
2019 5431 2084 5476 icon

429 5507 527 5570 aureis
548 5504 713 5570 consulum
734 5506 964 5588 Romanorum,
988 5511 1047 5574 sed
1068 5511 1164 5574 annis
1185 5511 1300 5591 peritius
1321 5515 1463 5594 repnaoit
1481 5513 1699 5579 Gundebadas
1720 5515 1936 5594 defininntnm
1968 5513 2023 5578 sed
2050 5514 2085 5578 id

429 5609 520 5674 uelim
547 5609 742 5674 observatum
770 5612 837 5675 veri
862 5613 1108 5678 dissimillimum
1137 5636 1216 5691 esse,
1248 5635 1350 5680 annos
1379 5619 1467 5698 ripn-i
1493 5617 1685 5683 Gundebadi
1714 5619 1754 5683 ab
1782 5640 1814 5683 eo
1845 5639 1930 5682 anno
1959 5619 2083 5682 demum

431 5718 624 5795 compidatos
644 5734 717 5790 esse,
741 5735 762 5778 a
784 5736 844 5795 qim
866 5715 953 5780 selus
974 5719 1158 5799 repnaoerit.
1197 5718 1367 5784 Praeterea
1392 5722 1424 5784 id
1445 5742 1566 5803 quoque
1585 5723 1899 5788 animaduertendum
1920 5728 1980 5802 est,
2003 5723 2083 5787 veri-

428 5815 531 5884 simile
555 5837 621 5882 non
647 5839 727 5895 esse,
763 5817 997 5888 Gundobadum
1025 5822 1091 5884 iam
1118 5822 1253 5886 secundo
1283 5843 1367 5888 anno
1397 5825 1485 5907 rapui
1509 5826 1563 5890 sni
1585 5825 1791 5893 redentionem
1817 5847 1952 5892 simruin
1980 5829 2083 5909 ipsim
2102 5851 2126 5891 se
