4418 6652
489 559 605 618 LEGES
622 559 929 616 BURGUNDIONUM.
950 592 980 601 -
1000 560 1072 616 LEX
1090 561 1248 617 ROMANA
1266 562 1288 618 1.
1306 561 1341 618 ll.
1679 567 1739 630 125

98 736 202 822 legem
227 734 448 801 Theudosiani
472 735 555 802 libro
577 741 708 803 octavo:
730 736 783 802 De
807 735 1012 802 removendis
1035 735 1274 816 donationibus,
1297 736 1514 804 firmissimam
1538 759 1740 827 permanere,

98 840 137 906 ad
158 840 348 929 Philippum
370 841 572 928 praefectum
595 843 759 929 praeturio
783 833 1051 928 promulgatam1.

206 941 263 1032 [2.]
287 945 338 1010 De
361 944 517 1011 maternis
547 945 646 1011 etiam
677 944 908 1011 donationibus
938 945 1000 1010 hoo
1030 951 1145 1028 totum,
1174 945 1262 1033 quod
1291 965 1405 1035 supra,
1437 947 1533 1012 simili
1556 945 1741 1012 conditione

97 1049 289 1115 servabitur.
335 1049 422 1115 Saue
452 1050 481 1115 si
509 1055 629 1131 mater,
663 1070 747 1134 quae
774 1049 983 1132 donationem
1011 1050 1044 1115 in
1072 1049 1175 1115 lilium
1205 1050 1347 1115 filiamve
1376 1051 1470 1133 lecit,
1504 1049 1546 1116 ad
1579 1049 1740 1116 seorrndas

71 1154 224 1241 enupties
246 1153 422 1234 transierit,
446 1153 654 1219 donationem
677 1174 774 1240 quam
796 1154 873 1218 lecit
896 1153 1018 1218 nullam
1042 1153 1179 1218 habebit
1202 1153 1371 1220 licentiam
1399 1154 1598 1236 removendi,
1622 1175 1740 1221 secun·

96 1256 172 1323 dum
193 1258 303 1343 legem
325 1257 548 1326 Theudosiani
568 1257 653 1323 libro
674 1265 789 1324 octavo
813 1256 854 1323 ad
877 1256 1014 1322 Orfitum
1038 1258 1238 1343 preelectum
1262 1248 1388 1323 Urbis2.

202 1361 257 1447 [3.]
280 1361 331 1428 De
354 1361 583 1427 donationibus
606 1360 808 1426 dominorum
835 1360 1020 1447 proprietas
1044 1361 1274 1448 accipientium
1307 1363 1406 1428 etiam
1429 1363 1517 1428 circa
1543 1362 1684 1429 heredes
1708 1366 1742 1427 et

95 1465 293 1556 proheredes
315 1465 390 1551 lege
411 1465 567 1551 firmatur,
590 1465 623 1530 id
646 1470 760 1531 estex
784 1485 918 1552 corpore
936 1464 1157 1532 Theudosiani
1179 1466 1263 1532 libro
1286 1464 1345 1547 XI,
1369 1466 1464 1532 titulo
1487 1465 1562 1534 XX.
1585 1465 1626 1531 ad
1649 1465 1740 1531 Stra-

95 1568 183 1636 dium
206 1570 356 1636 comitem
379 1570 428 1636 rei
450 1560 609 1657 private3.

57 1819 80 1859 a
600 1793 789 1859 Titulus*
810 1793 855 1860 Π.
897 1784 1241 1860 ·De⁴h0mioidiis.

196 1913 261 2004 .[l.]
284 1913 508 1996 Homicidam,
544 1921 610 1981 tam
645 1916 823 2002 ingenuum
852 1935 949 2001 quam
980 1937 1129 1998 servum,
1165 1916 1192 1981 si
1221 1922 1315 1981 extra
1345 1916 1522 1982 ecclesiam
1549 1916 1743 1997 inveniatur,

94 2026 197 2088 morte
220 2019 375 2089 damnari.

52 2253 54 2258 ,
203 2193 229 2260 *)
247 2191 342 2246 Huius
361 2191 435 2246 tittdt'
450 2191 540 2258 smum
557 2191 588 2244 ia
605 2191 661 2246 cod.
681 2190 728 2246 05
746 2191 809 2244 talia
827 2196 879 2244 eat:
897 2189 1097 2261 interpretatio
1115 2191 1150 2245 de
1162 2191 1313 2246 honrioidio
1326 2190 1494 2248 voluntario.
1530 2192 1570 2248 De
1581 2191 1744 2263 interempti

94 2279 184 2351 pretio
203 2277 339 2352 principis
357 2283 398 2332 est
416 2278 591 2348 expectanda
608 2278 757 2333 sententia.
789 2277 861 2344 Quia
879 2278 913 2333 de
931 2277 1023 2350 pretio
1042 2277 1193 2332 occisorum
1211 2278 1284 2333 nihil
1302 2277 1446 2334 evidenter
1464 2277 1521 2334 hex
1538 2280 1665 2335 Romana
1682 2295 1746 2335 eon-

56 2380 79 2420 u
94 2365 196 2432 stituit,
214 2365 343 2421 dominus
360 2366 455 2419 noster
473 2363 659 2419 Theodericus
676 2381 724 2420 rex
743 2364 909 2420 Francorum
928 2364 1031 2420 statuit
1046 2363 1199 2420 observari:
1217 2367 1250 2420 ut
1268 2365 1290 2420 si
1308 2365 1447 2436 ingenuus
1465 2365 1501 2421 ab
1519 2366 1642 2436 ingenuo
1659 2366 1746 2422 luerit

94 2455 280 2523 interemptus
307 2453 336 2507 et
364 2450 505 2507 homicida
529 2449 566 2504 ad
588 2450 731 2506 ecclesiam
750 2451 920 2522 eoniirgerit,
942 2451 992 2522 qui
1014 2451 1194 2506 homicidium
1218 2451 1333 2508 admisit
1354 2470 1416 2508 cum
1440 2452 1592 2508 medietate
1609 2453 1745 2509 bonorum

94 2558 205 2597 suoram
224 2539 307 2595 occisi
325 2537 475 2594 heredibus
493 2537 646 2593 serviturus
663 2537 824 2604 addicatur,
852 2539 960 2608 reliqua
983 2538 1120 2596 mediatae
1144 2539 1290 2595 facultatis
1313 2538 1374 2596 eius
1395 2539 1544 2595 heredibus
1561 2540 1745 2610 relinquatur.

95 2625 236 2695 univero
263 2628 386 2681 armatus
412 2642 442 2680 se
468 2624 498 2678 in
526 2623 642 2679 ecclesia
670 2624 743 2679 tueri
770 2624 966 2695 temptaverit,
993 2624 1117 2694 qualiter
1140 2626 1184 2681 lex
1212 2626 1362 2682 Theodosii
1386 2626 1416 2680 in
1444 2626 1517 2682 libro
1543 2630 1656 2693 octavo,
1682 2645 1745 2684 oum

94 2713 265 2772 conscientia
283 2713 472 2769 abstrahatur.
508 2710 538 2767 Si
562 2729 657 2767 servm
675 2711 810 2782 cuiusque
828 2711 935 2768 occisus
953 2711 1040 2767 luerit
1061 2712 1097 2766 ab
1116 2712 1239 2783 ingenuo
1257 2716 1287 2769 et
1307 2713 1367 2783 ipse
1385 2712 1526 2768 homicida
1543 2713 1580 2768 ad
1598 2713 1745 2770 ecclesiam

56 2811 79 2853 to
93 2801 292 2866 convolaverit,
309 2800 460 2858 secundum
479 2799 551 2854 servi
569 2799 709 2870 qualitate
727 2798 787 2854 eius
805 2798 947 2869 rescriptis
965 2802 1083 2870 cogatur
1100 2799 1249 2864 exsolvere,
1277 2801 1329 2856 hoc
1355 2801 1411 2854 est:
1435 2817 1486 2870 pro
1507 2802 1602 2857 actore
1623 2803 1745 2860 centum.

94 2907 143 2961 pro
161 2888 275 2945 aurifice
294 2887 382 2950 electo
402 2889 523 2953 centum,
542 2903 593 2956 pro
610 2884 789 2940 ministeriali
802 2885 958 2956 seraphia,
976 2903 1027 2958 pro
1046 2885 1125 2941 fabro
1139 2885 1254 2941 ferrario
1273 2884 1489 2956 quinquaginta,
1508 2903 1558 2957 pro
1570 2887 1746 2958 carpentario

93 2975 290 3047 quadraginta,
309 2989 359 3044 pro
371 2975 481 3028 aratore
494 2971 622 3043 triginta,
640 2990 690 3043 pro
708 2971 835 3043 porcario
853 2975 904 3027 aut
922 2971 1071 3028 birbicario
1089 2974 1141 3027 aut
1158 2972 1222 3028 aliis
1240 2971 1326 3028 servis
1343 2971 1464 3042 triginta
1481 2972 1585 3030 solidos
1602 2973 1745 3030 inferatur.

93 3062 268 3121 Homicidam
286 3065 343 3117 tam
362 3061 515 3132 ingenuum
535 3078 619 3130 qoam
637 3076 759 3126 servum,
778 3059 801 3115 si
820 3063 899 3116 extra
922 3059 1067 3116 eeclesiam
1084 3059 1239 3124 invenitur,
1258 3059 1397 3124 marnam,
1422 3059 1446 3114 si
1464 3060 1623 3117 voluntarie
1640 3060 1745 3117 iactum

93 3151 184 3206 luerit
220 3148 250 3205 Si
261 3164 327 3204 vero
345 3146 381 3202 ad
394 3147 538 3203 ecclesiam
551 3163 645 3203 servus
656 3147 801 3202 homicidii
815 3164 877 3202 reus
890 3147 962 3202 forte
975 3146 1140 3216 confugerit,
1158 3146 1271 3202 indulta
1282 3145 1343 3202 vita
1359 3163 1409 3216 pro
1422 3163 1455 3203 eo
1467 3163 1550 3216 quem
1562 3146 1666 3204 occidit
1677 3149 1745 3219 ipse.

54 3311 76 3351 ²⁵
184 3307 199 3360 1
212 3308 387 3361 Theudosiaui
398 3323 498 3376 semper
506 3305 598 3360 babeat
608 3306 632 3356 A
641 3305 665 3359 1.
672 3305 703 3372 23
712 3305 884 3358 Theodosiaui
895 3304 943 3359 Ad
953 3306 1036 3371 (babel
1045 3307 1121 3360 etiam
1130 3304 1324 3373 Theudosiani);
1334 3306 1505 3360 Theodosiani
1513 3306 1537 3356 A
1545 3304 1569 3359 4.
1582 3307 1605 3360 0
1609 3304 1634 3375 3,
1646 3307 1732 3360 tiriae
1738 3326 1746 3369 ;

93 3391 194 3450 Tehud
213 3396 254 3448 ost
270 3391 373 3448 Thend.
390 3395 430 3446 cel
447 3391 531 3448 Tend.
550 3391 609 3446 Ab.
668 3393 734 3446 libro
752 3400 841 3446 octavo
859 3411 908 3445 om.
927 3392 986 3446 112.
1034 3391 1046 3459 11
1091 3391 1160 3445 Tad
1177 3394 1324 3462 Philippum
1336 3420 1366 3431 -
1377 3393 1566 3461 promulgatam
1583 3411 1632 3446 om.
1651 3391 1711 3448 Aa

92 3482 223 3550 Filippum
241 3478 306 3542 Aa,
323 3480 456 3548 Philipum
474 3477 533 3533 At.
585 3481 723 3547 pretoriae,
742 3497 790 3532 orn.
803 3482 969 3548 praelectum,
988 3477 1055 3540 Aa
1073 3465 1137 3547 pred.
1155 3465 1212 3549 ppo.
1234 3478 1285 3532 03.
1330 3481 1385 3532 loco
1402 3480 1599 3547 promulgatam,
1611 3481 1746 3548 prodam·

92 3569 151 3620 bam
174 3567 271 3633 maillit,
287 3567 376 3634 repetit
393 3567 470 3619 umba
487 3567 648 3620 removendis
665 3594 699 3604 —
716 3583 864 3636 permanere
882 3564 942 3620 At.
994 3565 1005 3632 ΙΙ
1057 3563 1182 3632 3totum]
1201 3574 1301 3620 tantum
1321 3563 1383 3618 At.
1440 3567 1600 3620 coudimione
1617 3565 1711 3622 AM

92 3661 211 3708 servetur
229 3651 281 3707 Ob
334 3653 346 3720 ΙΙ
396 3651 454 3706 tsi
471 3651 562 3720 mater]
580 3653 698 3707 similiter
717 3650 776 3705 nt.
847 3653 891 3719 qui
909 3649 970 3704 Aa.
1039 3649 1131 3720 lilium]
1150 3653 1203 3705 lilio
1221 3650 1281 3706 Aa.
1291 3649 1316 3707 4.
1367 3652 1379 3719 ΙΙ
1431 3651 1568 3720 5nuptias
1586 3671 1634 3706 om.
1653 3652 1712 3707 At.

45 3739 75 3783 ³⁰
92 3742 243 3794 nullatenus
268 3739 365 3802 tineos
390 3739 566 3792 nullamtenus
584 3735 644 3793 Aa.
702 3739 714 3805 ΙΙ
772 3737 872 3792 dlibro
894 3745 985 3791 octavo
1009 3756 1058 3791 om.
1077 3735 1137 3790 12.
1206 3739 1323 3791 Orietum
1341 3737 1405 3802 2123
1429 3740 1541 3792 Urfitum
1559 3737 1659 3806 Aue
1682 3740 1747 3794 om·

91 3829 157 3882 tium
176 3827 264 3880 mue.
282 3827 305 3879 d.
374 3826 531 3893 praefectum
554 3821 637 3890 urbis]
656 3818 717 3891 orb,
736 3843 784 3876 om.
803 3827 970 3893 praesectum,
989 3823 1055 3882 AT:
1078 3810 1123 3894 pri.
1141 3821 1240 3888 A3.4;
1256 3806 1305 3894 pis
1313 3826 1387 3878 urbis
1406 3822 1459 3878 03.
1523 3824 1535 3892 ΙΙ
1599 3823 1614 3878 7
1633 3827 1747 3880 domino·

91 3931 149 3967 rum
166 3919 296 3983 perpetem
318 3912 465 3964 maritatam
482 3909 657 3977 accpientibua
677 3910 763 3964 striae
776 3911 799 3965 b.
858 3911 1030 3978 accipientum
1048 3909 1111 3972 aa
1129 3911 1305 3978 accipiendum
1324 3909 1383 3965 Aa.
1392 3909 1418 3965 4.
1460 3911 1471 3977 ΙΙ
1516 3910 1533 3965 8
1551 3921 1577 3965 et
1593 3913 1747 3981 proheredes

92 4017 141 4063 om.
154 3997 214 4052 Aa
260 3999 362 4051 liberII
374 3995 441 4059 A&
462 3997 528 4048 libro
540 3997 590 4048 Xll
603 3994 761 4049 A2.4.08.
809 3998 842 4049 ad
854 3996 1010 4064 om.A3.4,
1026 3997 1114 4050 tbeioc.
1165 3995 1302 4066 Surdum]
1315 3999 1351 4050 tio
1365 3996 1423 4061 033
1439 4000 1540 4052 Str’adio
1552 3997 1616 4061 Aa
1629 4001 1747 4052 Estradio

93 4085 159 4150 Δ4;
184 4087 310 4154 evoregio
329 4085 429 4148 Cuiac.;
447 4085 584 4136 Praedium
602 4083 668 4146 Aa,
696 4085 819 4153 Trygetio
838 4083 899 4137 coa
923 4084 1033 4146 Tbeod.;
1056 4085 1209 4153 Trygetinm
1227 4085 1337 4149 Amnd.;
1360 4086 1517 4154 Strategium
1529 4087 1646 4154 sortasse
1663 4088 1746 4153 legart-

38 4184 75 4229 8³
94 4177 164 4230 draus.
193 4173 205 4242 ΙΙ
233 4168 858 4240 emmium100mae.4,cuias.;eonusnt.
898 4169 1103 4239 milresA3.4.
1133 4172 1144 4238 [Ι
1173 4169 1746 4238 10nuartoarazusiaaaa.4.01-o,

94 4257 438 4324 §dbetbetiamv'adb
486 4259 694 4311 lnDeinomine
707 4258 798 4326 incipit
814 4259 869 4310 Lex
886 4259 1003 4310 Romana
1018 4259 1156 4326 praemittit
1175 4255 1229 4312 04.
1274 4258 1389 4310 omicidia
1409 4257 1463 4310 01.
1508 4259 1747 4328 taminganuis

92 4343 461 4416 quamaerviandd.AT.
508 4343 520 4409 ΙΙ
567 4342 599 4396 11
617 4345 791 4397 Homicidium
810 4342 874 4406 Aa
893 4346 1028 4397 Homicida
1048 4342 1107 4406 02;
1125 4345 1270 4398 Homicidia
1289 4344 1342 4397 01.
1389 4350 1441 4395 hm
1459 4342 1587 4398 osuald.
1606 4343 1712 4400 01-4.

92 4435 226 4487 inienuum
246 4430 299 4486 02.
308 4431 333 4483 4.
399 4429 485 4498 quam]
504 4439 558 4484 um
578 4429 685 4484 01-4.
749 4448 881 4484 servorum
901 4433 953 4486 01.
1018 4434 1127 4486 ecclesia
1145 4431 1239 4488 AM.
1260 4431 1364 4489 01-3.
1428 4436 1560 4488 invenitur
1578 4433 1671 4490 Abi.
1692 4435 1745 4488 01.

92 4518 152 4576 23.
208 4520 219 4586 ΙΙ
277 4518 310 4572 12
327 4526 408 4572 morte
425 4536 474 4571 om.
492 4516 559 4580 A4;
586 4526 694 4571 mortem
713 4515 773 4583 033
799 4520 833 4570 ad
850 4527 955 4572 mortem
976 4519 1028 4574 04.
1099 4522 1220 4574 damnare
1240 4518 1332 4583 03.4;
1359 4522 1381 4574 ai
1409 4522 1554 4574 voluntarie
1581 4522 1747 4574 homicidium

36 4609 191 4661 «armum
209 4606 322 4659 sitadd.
342 4605 428 4658 Chiae.
448 4604 637 4657 beneditione
655 4604 787 4659 sichardi.
845 4604 857 4670 ΙΙ
915 4603 948 4658 16
966 4615 1028 4671 post
1049 4609 1195 4676 contugerit
1217 4608 1327 4675 matium
1350 4608 1431 4660 edes
1447 4610 1503 4673 sere
1519 4611 1594 4662 aerbo
1612 4609 1746 4678 rusficiem

92 4711 202 4746 warum
217 4694 340 4745 relicum.
388 4691 400 4758 ΙΙ
447 4689 481 4744 18
493 4700 555 4757 post
572 4699 664 4744 octavo
682 4693 793 4758 spatium
806 4693 891 4760 poulo
908 4693 992 4745 oraim
1008 4710 1117 4746 omum
1134 4696 1257 4746 relibtrtm.

197 4849 224 4916 1)
243 4844 394 4902 medam
413 4843 477 4900 Cod.
499 4843 598 4899 Tbeod.
616 4843 694 4914 Vm,
714 4845 761 4901 1³:
780 4845 820 4900 De
837 4845 1000 4902 revocandis
1018 4845 1225 4914 donationibus,
1243 4849 1292 4903 at
1309 4849 1347 4916 (a.
1358 4848 1446 4918 349.),·
1461 4849 1512 4916 cfr.
1529 4848 1644 4919 interpr.
1662 4853 1746 4905 coram

93 4954 189 5010 baiam
204 4952 326 5035 Dopatio
337 4952 367 5007 in
379 4993 396 5008 ..
405 4992 412 5006 .
422 4951 509 5026 filium
521 4969 539 5006 u
551 4954 632 5021 patre
644 4952 727 5016 facta,
740 4953 763 5006 si
776 4953 881 5008 laesum
896 4954 977 5024 pater
990 4970 1018 5008 se
1029 4969 1088 5007 esse
1100 4951 1269 5024 probaverit,
1281 4954 1434 5008 revocatur.
1460 4951 1517 5020 Usa
1529 4953 1572 5008 cit.
1586 4953 1625 5009 tit.
1634 4953 1746 5022 istterpr.

94 5074 116 5116 c.
134 5061 161 5116 6.
263 5059 292 5124 2)
310 5055 457 5111 laeuae
484 5054 547 5110 God.
577 5054 675 5110 Theoti.
698 5057 740 5112 tit.
758 5057 809 5126 cit,
832 5073 853 5112 c.
871 5058 889 5112 4
911 5058 949 5125 (a.
967 5057 1054 5125 358.)‚·
1079 5057 1127 5124 aa.
1153 5058 1265 5127 interpr.
1293 5057 1376 5111 baisse
1400 5061 1497 5113 coenet:
1524 5056 1552 5111 si
1583 5057 1646 5125 quis
1671 5058 1746 5114 lilius

43 5177 77 5219 sa
95 5161 247 5219 donatione
269 5160 367 5215 matris
390 5159 499 5229 aliquid
521 5159 607 5214 fuerit
631 5163 794 5216 consecutus
817 5163 846 5216 et
869 5177 929 5215 eam
949 5161 1127 5231 postmodum
1152 5161 1272 5226 laeserit,
1295 5160 1421 5232 probatis
1444 5161 1473 5215 in
1491 5160 1596 5216 iudicio
1615 5135 1754 5215 laesionis*

94 5266 193 5332 cauria
211 5264 391 5320 donationem
409 5266 499 5319 mater
519 5263 543 5318 ei
561 5264 683 5320 voluerit
707 5265 737 5320 in
757 5265 897 5336 integrum
915 5265 1065 5321 revocabit.
1102 5263 1182 5331 Quod
1200 5265 1224 5318 si
1242 5267 1332 5320 mater
1349 5265 1425 5330 baec,
1445 5280 1518 5334 quae
1540 5263 1598 5319 lilio
1621 5265 1746 5330 donavit,

94 5371 130 5428 ad
148 5369 283 5426 secundas
301 5369 415 5440 nuptias
428 5369 579 5435 transierit,
593 5372 690 5424 contra
702 5370 882 5426 donationem
901 5387 951 5442 per
963 5386 1158 5441 quamcunque
1177 5369 1351 5425 occasionem
1369 5367 1499 5423 veniendi
1518 5367 1625 5423 nullam
1643 5369 1747 5424 habeat

94 5477 273 5547 potestatem.
329 5472 357 5540 3)
367 5472 418 5526 Est
428 5471 492 5542 lepis
506 5472 569 5528 God.
583 5472 685 5527 Tbeod.
698 5473 752 5541 XI,
763 5473 809 5528 20:
821 5473 862 5528 De
874 5473 1025 5529 collatione
1038 5471 1205 5528 donatarum
1217 5473 1260 5527 vel
1274 5473 1459 5528 relevaturum
1471 5472 1684 5543 possessionum,
1695 5488 1717 5528 c.
1729 5472 1747 5527 4

93 5581 131 5649 (a.
149 5579 231 5648 423),
250 5596 268 5632 a
285 5576 498 5645 compilatmrbsta
511 5577 591 5646 ch'a
603 5577 680 5633 aon.
698 5577 780 5647 Vier'g.
798 5578 916 5646 unusne,
931 5593 990 5646 pa:
1009 5576 1166 5646 Largitates
1184 5576 1241 5629 tam
1264 5576 1375 5630 nostrae
1391 5574 1557 5632 clementiae
1575 5593 1659 5644 quam
1672 5577 1746 5630 retro

54 5717 77 5755 Μ,
94 5684 251 5758 principuus
264 5684 411 5738 ...tenere
430 5683 571 5752 perpetem
585 5683 747 5738 firmitatem
765 5683 961 5755 praecipimus,
980 5684 1012 5736 ut
1030 5682 1106 5750 quod
1118 5681 1310 5752 uuusquisque
1329 5680 1431 5735 meruit
1449 5683 1479 5734 et
1494 5681 1570 5734 recte
1582 5679 1746 5744 transmisit,

93 5807 146 5848 nec
163 5789 200 5846 ad
217 5786 347 5856 heredem
366 5785 597 5843 nec...filiorum
617 5791 770 5858 neptumve
781 5790 990 5853 ...revocatum
1013 5788 1124 5856 idem.
1143 5786 1180 5840 nd
1196 5787 1265 5842 bauo
1281 5791 1362 5842 eoram
1381 5801 1438 5840 aea
1455 5788 1536 5838 wear.
1641 5784 1669 5852 4)
1689 5782 1745 5852 cit.

72 5959 73 5963 η
94 5895 154 5950 Lab.
172 5899 255 5948 coam,
273 5892 312 5946 tit.
331 5892 361 5946 2:
379 5890 419 5945 De
437 5890 607 5956 homicidiis;
626 5891 686 5948 Lib.
705 5897 785 5948 corut.
804 5894 845 5948 tit.
865 5893 905 5948 10.
919 5893 961 5948 50.
