4492 6638
312 622 330 679 4
777 614 888 670 Lusus
909 613 1214 669 BUBGUNDIONUM.
1235 645 1265 654 -
1285 613 1502 667 PRAEFATIO.

312 788 567 869 Miroviupcenue
589 789 641 866 II,
670 809 705 871 p.
730 789 791 851 465
815 808 896 868 399.,·
938 787 977 850 L.
1001 786 1041 850 A.
1063 784 1270 866 Warnlednip,
1304 785 1533 851 Franedsiselre
1567 785 1690 850 8199913-
1728 785 1798 848 991
1832 784 1962 848 1199613-

309 891 480 974 9939619619
506 892 551 955 ΙΙ
572 891 701 974 (1848),
724 912 759 971 p.
781 895 837 967 10;
871 889 1053 968 Scbdffuer,
1085 889 1267 954 Gescbielrtc
1296 891 1351 954 der
1373 889 1674 970 Recbtsverfassunp
1696 888 1914 952 Franlvreiobs
1934 888 1963 963 I,

305 1017 341 1076 p.
366 997 442 1073 136,·
469 995 745 1078 «11119991,
771 994 849 1058 Lois
871 993 925 1057 des
946 993 1206 1074 Β9999919999ε,
1229 993 1627 1074 99199999919999193
1649 990 1691 1055 loi
1716 991 1874 1056 Gombette
1897 997 1963 1054 tra·

312 1099 416 1163 duites
438 1119 525 1178 pour
555 1099 587 1162 la
610 1099 764 1180 99991999
793 1097 856 1177 (913
878 1099 1010 1180 (1866),·
1044 1096 1084 1160 It.
1108 1097 1145 1160 de
1168 1096 1273 1172 Hube‘,
1308 1096 1451 1160 Histoire
1479 1096 1517 1159 de
1546 1095 1578 1159 lo
1599 1095 1771 1176 (99991199
1797 1095 1834 1158 19
1863 1093 1895 1156 19
1922 1093 1964 1158 191

311 1202 590 1285 Β999991999999,
617 1203 652 1266 19
675 1202 790 1266 ‘Remis
805 1201 986 1281 bistoripre’
1009 1201 1061 1265 cit.
1077 1199 1175 1264 XIII
1189 1201 1314 1282 (1867),
1331 1221 1366 1280 p.
1384 1202 1570 1276 269-269;
1597 1199 1758 1274 Boretius,
1787 1197 1962 1264 119699119-
1994 1225 2005 1262 s

310 1312 373 1370 sete
400 1307 469 1370 und
493 1306 675 1370 Gesobicbte
701 1306 757 1370 199
777 1304 982 1386 Β99999199,
1015 1305 1051 1367 19
1074 1303 1281 1368 ‘Historisebe
1302 1303 1497 1388 Zeitsebrift'
1520 1303 1614 1366 XXI
1635 1304 1764 1385 (1869),
1786 1323 1823 1382 p.
1844 1306 1964 1380 1-27,·

310 1407 457 1488 Blulrme,
481 1409 551 1473 Zur
573 1409 715 1486 Abmebr,
738 1409 853 1472 ibidem
868 1429 904 1488 p.
922 1409 1102 1472 234-244.

419 1521 474 1584 Ad
502 1521 594 1604 199999
622 1521 801 1585 11999999
823 1520 1003 1600 pertinent:
1035 1519 1190 1595 Barbow,
1223 1517 1389 1598 Praefatio
1418 1517 1565 1582 editionis
1595 1539 1673 1583 snae
1702 1518 1778 1600 lepis
1799 1517 1964 1582 11999999

310 1624 598 1707 Burgundionum
635 1625 772 1702 Haenel,
807 1624 974 1704 Praefatio
1004 1623 1153 1687 editionis
1179 1641 1258 1685 3999
1284 1620 1798 1704 1991311999999171319916999
1821 1643 1857 1702 p.
1877 1628 1967 1682 Xan

310 1735 473 1807 -XGVI,·
517 1730 554 1794 19
585 1728 738 1805 Creusae,
778 1714 901 1792 Etndcs
938 1748 997 1790 sur
1029 1725 1056 1789 le
1091 1725 1216 1806 Papien
1248 1726 1385 1808 (1862),·
1426 1725 1595 1802 Karlowa,
1635 1725 1800 1790 Bimiscbe
1834 1725 1963 1789 1199619-
1984 1753 2007 1792 ιο

307 1833 480 1914 9939619619
512 1834 537 1897 I
564 1834 694 1917 (1886),
731 1853 767 1913 p.
796 1835 877 1908 983;
923 1831 1063 1910 Kriiper,
1107 1827 1290 1892 Gesebiebte
1330 1829 1386 1892 der
1421 1829 1549 1910 Quelleu
1588 1831 1657 1894 und
1688 1831 1869 1894 Litteratur
1911 1829 1965 1894 des

310 1936 499 2000 1119139699
521 1936 638 2000 1199613
660 1937 785 2018 (1887),
809 1956 845 2016 p.
864 1937 924 1998 317
931 1955 941 2011 ;
976 1934 1015 1998 F.
1038 1934 1185 2012 8969119,
1218 1933 1383 1998 Lebrbvcb
1411 1933 1466 1998 der
1491 1933 1673 1998 Gescbicbte
1701 1935 1754 1998 des
1776 1932 1964 1997 Bimisebeu

311 2039 427 2104 1199613
448 2041 574 2124 (1889),
591 2061 627 2120 p.
647 2043 717 2105 119.

422 2152 534 2217 Totam
562 2152 723 2217 materiem
750 2172 847 2232 9999
873 2151 999 2215 nomine
1025 2150 1125 2232 19999
1148 2150 1419 2233 Β999999119999
1445 2151 1566 2216 edimus
1592 2171 1702 2231 reapse
1727 2150 1852 2232 9991693
1873 2148 1962 2212 Bur-

307 2257 506 2338 gundionum
530 2256 765 2320 attribuendam
787 2276 865 2333 esse,
894 2254 1059 2319 nonnullis
1080 2256 1275 2337 9999999113
1301 2261 1353 2318 391
1374 2255 1478 2335 firmis
1499 2255 1726 2338 comprobatur.
1772 2253 1858 2316 Nam
1879 2252 2005 2333 quadis

309 2360 354 2423 91
375 2360 518 2440 primam
543 2359 763 2437 collectionem,
798 2359 914 2423 librum
941 2361 1216 2437 constitutionum,
1249 2360 1375 2436 attinet,
1408 2359 1601 2440 Burpundio
1632 2358 1722 2422 6991
1743 2357 1862 2436 paucis
1890 2377 1961 2420 cou-

308 2463 528 2528 stitutionibns
561 2468 667 2544 aperte
701 2461 890 2544 appellatur.
943 2461 1068 2527 Deinde
1101 2467 1274 2543 temporum
1306 2463 1584 2542 descriptionibus,
1618 2483 1700 2544 9999
1732 2463 1768 2524 19
1799 2462 1862 2541 dne
1895 2461 1962 2523 siu-

308 2566 454 2649 9919999
488 2566 653 2632 titulorum
685 2571 761 2630 sunt
795 2567 947 2643 traditae,
982 2566 1056 2647 (cfr.
1077 2567 1149 2632 Lib.
1172 2572 1268 2630 const.
1292 2568 1538 2632 1114291655.
1556 2569 1606 2631 62.
1624 2569 1743 2642 7679)
1772 2585 1836 2628 999
1862 2563 1963 2628 39199

309 2671 526 2751 9911999999,
556 2671 612 2736 sed
637 2671 732 2734 etiam
758 2671 803 2734 ad
823 2671 903 2750 lines
930 2672 1018 2752 99991
1041 2670 1247 2752 Β999991191
1272 2691 1463 2748 revocamur,
1494 2676 1588 2750 91999
1610 2689 1801 2751 quamquam
1825 2667 1916 2732 titulo
1933 2672 1962 2732 3.

308 2795 420 2838 99999
452 2775 548 2856 99913,
586 2775 644 2855 991
676 2775 914 2840 emundationes
940 2774 1038 2838 69193
1067 2772 1156 2838 111911
1185 2775 1301 2851 991311,
1335 2794 1399 2838 non
1427 2774 1576 2853 affertur,
1609 2779 1714 2838 19999
1740 2794 1818 2854 eccos
1846 2777 1963 2836 ‘aucto-
1981 2793 2007 2832 ro

308 2879 367 2942 res'
405 2899 480 2942 39993
520 2877 676 2960 1991319199
712 2877 851 2959 99991191
887 2877 1157 2958 1199999119999
1198 2899 1283 2959 99993
1325 2883 1429 2955 99991,
1475 2883 1504 2941 91
1548 2879 1615 2958 ipsc
1655 2876 1838 2959 legumlator
1874 2876 1964 2940 Bur·-

306 2983 504 3063 999119999
535 3003 593 3046 rec
626 2983 757 3063 991199
791 2981 1019 3063 cognoscendus
1052 2986 1107 3045 931.
1162 2981 1292 3045 Accedit
1325 2982 1409 3062 quod
1441 2981 1534 3046 initio
1561 2982 1688 3062 primm
1721 2981 1963 3057 constitutionis,

212 3101 213 3105 ’
308 3085 416 3167 999113
441 3107 543 3166 nuper
565 3090 611 3149 931
632 3087 790 3163 993111919,
817 3106 929 3149 nomen
954 3085 1037 3166 99913
1057 3083 1250 3150 1199196911
1271 3085 1404 3167 1991199;
1436 3106 1532 3166 quam
1548 3086 1690 3165 primam
1712 3085 1964 3148 constitutionem

309 3210 381 3253 cum
410 3189 687 3254 corstitutionibus
715 3210 797 3271 9999
827 3189 1041 3270 insequuntur
1068 3195 1137 3252 9919
1165 3189 1327 3253 9919999999
1355 3193 1384 3253 91
1414 3210 1453 3252 en
1478 3189 1579 3253 999613
1606 3189 1709 3269 193193
1730 3187 1964 3252 constitutionis

310 3293 398 3369 614.
427 3297 457 3356 91
483 3312 521 3355 ev
547 3297 730 3373 999999919
758 3292 992 3356 constitutionis
1017 3291 1335 3374 11191181.191911191
1357 3297 1473 3372 potest,
1502 3312 1585 3374 9999
1606 3292 1787 3355 constitutio
1803 3290 1903 3371 plane
1925 3311 1963 3354 99
1981 3310 2006 3349 vs

310 3395 448 3460 dilucide
470 3396 611 3474 primam
633 3397 887 3460 999311191199999
909 3395 1046 3475 respicit.
1085 3396 1195 3459 Libris
1216 3396 1350 3476 1991999
1371 3395 1599 3475 manuscriptis
1621 3399 1650 3458 et
1672 3395 1776 3458 indice
1798 3393 1963 3457 titulorum

310 3497 514 3561 rubricarum
542 3503 571 3561 91
597 3496 697 3579 19999
725 3498 835 3562 ordine
861 3495 935 3560 libri
962 3497 1237 3574 constitutionum,
1270 3495 1537 3578 99911319911193
1557 3502 1619 3574 est,
1652 3503 1751 3561 totum
1773 3518 1865 3578 opus,
1899 3517 1963 3578 999

310 3621 397 3664 9999
424 3605 469 3664 931
495 3599 616 3680 (9999,
648 3601 780 3682 simplae
808 3607 837 3666 91
864 3624 966 3667 9999
994 3625 1059 3668 csse
1086 3603 1238 3684 efficitur.
1283 3605 1401 3668 1131999
1428 3603 1519 3669 libris
1545 3625 1624 3684 opus
1649 3602 1696 3667 vel
1724 3603 1867 3688 capitula
1890 3601 1963 3664 libri

313 3703 500 3768 Gundebati
534 3705 614 3788 (cod.
639 3705 672 3768 A
685 3707 733 3791 3),
774 3705 821 3769 vel
852 3707 997 3792 capitula
1031 3708 1116 3771 inter
1141 3707 1393 3792 Burgundiones
1429 3715 1462 3772 91
1487 3707 1651 3771 Romanos
1685 3706 1765 3789 (cod.
1790 3705 1883 3788 Bl),
1917 3703 1965 3767 vel

311 3808 456 3893 capitula
478 3809 559 3892 legis
583 3806 857 3893 Burgundionum
879 3809 1011 3892 (manus
1031 3812 1185 3875 recentior
1207 3811 1272 3876 cod.
1288 3811 1376 3894 Ao),
1405 3810 1452 3874 991
1473 3812 1528 3875 lex
1552 3812 1636 3874 inter
1656 3808 1906 3894 Burgundiones
1930 3814 2006 3872 919

312 3909 479 3976 Romanos
501 3913 602 3993 (99191.
618 3912 653 3976 Β
663 3915 692 3976 2.
706 3914 749 3997 4),
772 3912 819 3977 991
839 3914 894 3978 lex
906 3913 1177 4000 Burgundionum
1192 3916 1272 3997 (eod.
1288 3914 1323 3978 B
1334 3918 1379 3992 2),
1402 3913 1448 3979 991
1464 3915 1641 3978 constituta
1654 3911 1860 3977 Gundubade
1877 3911 1964 3996 regis

309 4014 390 4096 (cod.
403 4014 487 4098 Bi),
503 4015 550 4079 vel
566 4015 649 4080 liber
662 4017 770 4101 legum
780 4015 968 4082 Gundebati
980 4018 1082 4100 (9911.
1097 4018 1167 4083 Be.
1179 4022 1233 4095 16)
1245 4017 1435 4099 appellatur.
1466 4019 1599 4100 1199191
1614 4016 1690 4082 11699
1704 4016 1963 4080 constitutionum

310 4117 575 4200 Bvrpuudionem
596 4119 688 4184 69691
709 4125 877 4198 cauctorem,
895 4121 995 4201 91999
1016 4123 1099 4186 idem
1122 4123 1289 4187 11999199
1311 4128 1356 4187 931
1378 4123 1416 4186 919
1434 4121 1709 4186 constitutionibus
1728 4119 1962 4201 991999999911-
2060 4149 2062 4154 ·

309 4222 388 4300 693;
418 4243 556 4303 999999
578 4223 853 4300 constitutionum,
882 4245 964 4305 9999
985 4226 1115 4290 nonnisi
1137 4226 1322 4290 coniunctae
1345 4246 1417 4290 omn
1439 4225 1518 4289 libro
1540 4225 1800 4290 constitutionum
1821 4229 1962 4288 39999199

308 4331 402 4403 3991,
434 4323 606 4390 9999911999
639 4345 751 4389 nomen
783 4326 865 4408 repis
897 4327 954 4407 991
985 4326 1051 4406 fuit
1083 4333 1195 4393 auctor
1227 4329 1320 4392 initio
1352 4328 1466 4394 babent
1496 4328 1568 4411 (919.
1595 4327 1699 4394 Consi.
1726 4332 2004 4411 9919.19.26);9

308 4428 480 4496 nmnullac
509 4433 615 4508 aperte
636 4428 900 4509 Burpuudionem
928 4429 972 4492 ad
1002 4451 1092 4510 quem
1121 4430 1171 4494 199
1194 4433 1334 4512 pertinet
1361 4431 1538 4513 appellant,·
1570 4453 1661 4514 saepe
1687 4431 1862 4496 91199693
1890 4453 1961 4496 con-

308 4533 489 4597 stitutiones
510 4553 581 4596 eum
609 4531 664 4596 699
693 4530 819 4596 9911119
846 4531 938 4597 111919
961 4532 1035 4597 11691
1057 4535 1315 4599 constitutionum
1337 4535 1499 4600 cobaerere
1521 4541 1586 4599 tam
1607 4536 1812 4616 manifestum
1833 4540 1894 4612 est,
1925 4540 1961 4598 ut

309 4657 347 4702 ca
370 4635 634 4716 391999999119
657 4635 798 4712 insistat,
822 4640 931 4699 utrum
954 4635 1004 4700 199
1026 4637 1285 4702 constitutionum
1307 4640 1583 4721 991999999911999
1605 4661 1648 4703 99
1670 4639 1744 4703 11691
1766 4639 1961 4703 corstitutio-

307 4762 383 4805 num
420 4740 584 4805 antecedat
621 4744 723 4804 actate
757 4739 830 4819 (cfr.
862 4738 965 4805 09931.
1000 4745 1079 4805 eutr.
1099 4744 1211 4822 1—5).
1257 4741 1403 4823 Denique
1435 4763 1500 4807 999
1531 4749 1591 4821 931,
1625 4744 1681 4824 991
1712 4763 1865 4807 99999993
1898 4763 1961 4806 esse

309 4844 424 4908 tibrum
460 4844 720 4908 constitutionum
753 4842 905 4924 19999999
938 4843 1118 4908 11999999
1154 4865 1267 4927 999999
1293 4847 1411 4925 possit,
1450 4851 1510 4911 aut
1541 4847 1599 4928 991
1630 4846 1811 4927 9191999999,
1846 4845 1962 4909 nedum
1979 4869 2005 4906 99

302 4949 439 5028 probare
461 4947 588 5024 audeat,
612 4946 705 5028 199999
720 4945 900 5011 11999999
921 4953 1061 5012 3999199
1081 4968 1146 5012 non
1168 4969 1232 5012 9339
1251 4947 1368 5013 116999
1383 4951 1643 5014 corstitutionum
1663 4970 1790 5031 casuque
1812 4969 1876 5014 999
1897 4970 1961 5013 esse

307 5052 447 5133 quaein
469 5050 690 5115 9993111911999
706 5051 817 5130 prima
840 5050 876 5132 (ξ
894 5052 930 5128 8)
945 5052 1108 5131 praeiisse
1128 5052 1173 5116 sit
1196 5052 1340 5132 ‘formam
1362 5058 1393 5117 et
1414 5055 1636 5136 capacitionem
1660 5053 1760 5135 19999
1782 5053 1959 5136 (1199999-

308 5159 396 5235 rum)
418 5155 648 5236 corscmptam’.

416 5259 486 5323 Hoc
516 5258 611 5322 etiam
639 5259 722 5322 inter
751 5277 856 5322 omnes
882 5258 1021 5323 6991993
1049 5259 1153 5324 doctos
1182 5265 1318 5338 9993191,
1352 5281 1416 5324 non
1442 5284 1544 5327 uuum
1573 5261 1674 5326 solum
1701 5263 1835 5326 edictum
1862 5264 1961 5328 unius

307 5364 390 5445 repis
412 5363 684 5446 Bvrpuudiouum
705 5362 794 5426 nobis
816 5363 973 5427 traditum
995 5384 1068 5442 esse,
1090 5365 1146 5428 sed
1167 5386 1204 5428 ea
1226 5386 1307 5445 9999
1329 5365 1501 5429 69699993
1522 5364 1734 5446 compluribus
1755 5367 1867 5430 edictis
1888 5387 1959 5431 cou-
1978 5388 2003 5426 u

306 5471 400 5531 stare.
441 5466 552 5530 Etiam
574 5466 630 5530 boc
653 5470 771 5530 eertum
794 5469 847 5543 est,
874 5466 1109 5533 Gundebadvn
1130 5490 1184 5533 eas
1206 5469 1283 5550 lepos
1305 5490 1385 5550 9999
1407 5471 1473 5534 iam
1492 5475 1652 5534 9931999991
1666 5469 1853 5552 nullipendas
1868 5477 1962 5552 91999

308 5571 536 5651 componendas
558 5571 733 5647 curavisse,
760 5574 855 5651 91999
871 5576 998 5650 posteo,
1021 5572 1081 5636 699
1103 5573 1278 5638 collectione
1300 5574 1398 5650 91119,
1427 5579 1456 5638 91
1478 5575 1583 5654 ipsum
1601 5573 1833 5639 Gundebadum
1855 5575 1962 5656 etqui

306 5695 377 5738 eum
405 5674 505 5738 secuti
532 5678 632 5737 essent
658 5694 743 5754 repes
774 5672 891 5756 1991693
917 5676 1086 5740 condendis
1112 5697 1238 5758 operam
1264 5677 1393 5741 dedisse.
1447 5676 1645 5742 Vehementer
1665 5683 1772 5741 autem
1798 5679 1836 5741 de
1863 5699 1901 5741 ea
1926 5699 1961 5742 rc

307 5778 501 5858 disputatur,
531 5797 575 5841 an
601 5776 821 5842 Guudobadus
847 5777 1016 5842 identidem
1039 5779 1154 5844 116999
1176 5781 1437 5845 corstitutionum
1459 5783 1655 5858 tractaverit,
1685 5781 1831 5862 auferte
1853 5783 1961 5864 99191

305 5901 477 5944 successere
510 5881 626 5945 iterum
656 5880 771 5945 librum
799 5883 1038 5948 retractandum
1066 5886 1262 5962 curaverint,
1297 5885 1409 5949 deinde
1443 5885 1558 5966 quibus
1593 5886 1783 5967 temporibus
1816 5887 1959 5968 91999199
1978 5905 2003 5944 ⁵⁰
