4492 6638
458 648 500 711 24
920 640 1035 697 LEGES
1054 639 1364 696 BURGUNDIONUM.
1384 668 1416 678 -
1434 636 1650 692 PRAEFATIO.

451 817 575 899 publici
604 818 685 880 iiiris
713 817 794 897 faeti
823 821 907 880 sunt.
952 813 1089 878 Addidit
1118 812 1289 878 translatos
1318 814 1352 877 iu
1379 811 1521 892 linquam
1544 808 1819 890 Fraueopallieam
1841 806 2008 874 nmiuullos
2030 805 2111 872 locos

456 944 495 986 ea
517 921 651 1003 Gaupp,
686 919 749 984 Die
775 918 1023 984 Giriuauiseli'en
1044 915 1283 999 Aiisiedlunpen
1311 915 1380 980 und
1401 912 1678 994 Landtlieilunpen
1699 914 1833 994 (1811),
1862 911 1975 976 deinde
2004 917 2109 974 trans-

456 1024 555 1089 latam
583 1025 815 1105 praenotionem
850 1022 998 1087 editionis
1031 1019 1104 1102 lepis
1131 1020 1403 1104 Burpuiutionum
1430 1040 1453 1082 a
1475 1017 1613 1082 Bliibme
1647 1021 1786 1081 curatae.
1835 1017 1906 1098 Qua
1938 1016 1976 1079 de
2010 1037 2111 1079 eausa

456 1129 575 1193 eodiees
603 1127 677 1210 lepis
706 1129 817 1192 iisdem
845 1127 928 1192 uotis
958 1125 1192 1206 iiisipniuntur,
1224 1124 1339 1206 quibus
1360 1122 1498 1188 Blubme
1525 1143 1604 1185 usus
1632 1125 1686 1184 est.
1733 1120 1860 1197 Restat,
1896 1124 1932 1183 ut
1958 1139 2109 1195 moneam,

455 1255 503 1297 nie
536 1234 570 1296 in
592 1231 814 1297 conscribenda
835 1236 946 1296 nostra
968 1230 1102 1294 editione
1125 1228 1207 1294 bana
1230 1230 1292 1293 viri
1313 1227 1522 1292 illustriss-imi
1545 1224 1810 1290 Valentia-Siniti
1831 1225 2007 1303 editionem,
2030 1247 2109 1307 qua-
2141 1241 2153 1278 ⁵

456 1343 549 1401 tenus
564 1335 731 1417 prodierit,
754 1335 983 1400 enaiiiinaoi‘sse
1005 1353 1102 1415 eaque
1124 1353 1219 1398 usum
1241 1354 1314 1398 esse.

569 1455 609 1522 Ut
637 1455 720 1519 nibil
746 1457 901 1533 omittam,
932 1475 1039 1520 annea
1062 1454 1315 1519 constitutionem
1337 1457 1592 1534 ealraoapanteni
1613 1455 1664 1516 20.
1687 1451 1861 1532 separatim
1887 1472 1909 1514 a
1933 1450 2111 1515 Porilessus

458 1560 492 1623 iii
513 1581 595 1623 rioea
617 1557 854 1640 ‘Diploinatum
877 1559 1065 1623 chartarum
1087 1563 1142 1623 ele.
1161 1558 1257 1638 prius
1279 1578 1300 1621 a
1315 1556 1500 1637 Briau-ipim
1521 1560 1551 1619 et
1573 1554 1605 1618 la
1618 1555 1713 1619 Porta
1735 1554 1780 1618 itu
1794 1553 1888 1618 Tbeil
1901 1553 2110 1619 eodeetuum’

455 1663 599 1739 edit-ioue,
615 1662 756 1726 Parisiis
767 1663 891 1743 (1813),
914 1667 984 1728 torn.
1000 1663 1026 1740 I,
1050 1662 1107 1726 sub
1122 1682 1209 1725 num,
1223 1664 1274 1725 97.
1291 1659 1494 1742 dimilpatam
1517 1660 1682 1740 repietitom
1697 1679 1718 1721 a
1730 1657 1867 1723 Blubme
1882 1659 1919 1721 in
1933 1657 2110 1722 ‘Jolirbueli

454 1766 508 1829 iles
527 1765 687 1848 pinneiinu
709 1764 889 1830 Deutsebeu
912 1765 1035 1830 Reelitd
1056 1767 1146 1842 1857,
1176 1770 1248 1829 toiri.
1265 1764 1297 1841 I,
1319 1785 1351 1844 p.
1367 1766 1425 1840 83,
1448 1763 1700 1828 emistitntimiem
1721 1767 1976 1843 eatraoapautem
1993 1765 2043 1826 21.
2069 1761 2109 1826 ab
2129 1781 2154 1818 ιο

454 1869 558 1934 eodem
579 1869 697 1932 editam
720 1870 754 1933 in
776 1869 890 1934 eisdem
912 1868 1085 1934 annalibus
1106 1874 1178 1934 tom,
1199 1866 1234 1946 V,
1250 1889 1286 1948 p.
1305 1868 1484 1932 2118-213.
1508 1873 1639 1932 instare.
1733 1857 1735 1864 ’

899 2130 919 2209 5
941 2130 969 2193 7.
1004 2126 1056 2192 De
1077 2125 1318 2191 editionibus
1340 2125 1436 2208 lepis
1459 2125 1663 2190 Romanae.

567 2266 591 2327 1.
628 2262 782 2346 Prineeps
810 2264 905 2329 editio
932 2262 1006 2346 lepis
1029 2262 1192 2326 Immaum
1220 2268 1265 2326 est
1287 2262 1394 2326 Iaeabi
1418 2260 1581 2328 Ouiaeii.
1628 2263 1670 2326 Iu
1690 2262 1794 2327 iniliee
1815 2265 1917 2344 operis
1938 2285 1960 2328 a
1980 2263 2111 2329 Ouiaeio

454 2389 539 2432 anno
566 2371 656 2432 15116.
689 2369 842 2450 Liipduni
874 2369 963 2451 apiid
993 2366 1111 2434 Guliel.
1136 2365 1308 2432 Rouillium
1345 2367 1442 2445 eiliti,
1484 2367 1568 2449 quod
1599 2367 1772 2448 praeeipme
1805 2368 1937 2433 iadicem
1971 2367 2110 2432 Tit-eodo-

454 2471 584 2535 sianum
611 2472 761 2550 eontinet,
793 2473 891 2537 verbis
918 2472 1072 2554 ‘Papiani
1098 2470 1175 2535 tiber
1199 2471 1443 2552 Responsorum,
1477 2472 1534 2553 qui
1562 2472 1658 2535 eliam
1687 2471 1829 2535 madian
1852 2472 1960 2552 tireirit
1987 2472 2154 2550 editus',1.s

454 2573 636 2639 nostrates
660 2575 807 2640 Romiina
828 2578 1038 2658 sipnifieatur,
1067 2596 1149 2657 quae
1170 2596 1317 2656 inpressa
1345 2581 1390 2639 est
1414 2597 1450 2655 p.
1467 2577 1648 2639 ssi-707.
1693 2573 1805 2638 Editio
1822 2578 1861 2638 47
1880 2574 1988 2640 titulos
2009 2575 2109 2653 babet,

454 2699 588 2760 quorum
618 2679 652 2742 iu
667 2680 774 2760 primo
798 2680 945 2744 rubrica:
977 2679 1029 2744 De
1050 2679 1154 2765 pactis
1176 2678 1261 2744 inter
1285 2676 1389 2742 virum
1412 2684 1445 2742 et
1467 2677 1636 2742 mulierem
1660 2683 1690 2742 et
1711 2678 1804 2742 uerba
1826 2677 2007 2758 Papiniani
2028 2699 2108 2760 resp.

454 2780 580 2846 libriI.
611 2782 656 2846 ad
684 2781 777 2865 lepem
799 2783 978 2849 Romanam
1008 2803 1073 2848 nou
1094 2782 1291 2866 pertinentia
1318 2782 1534 2846 inueniuntur.
1582 2781 1711 2846 Titulus
1733 2782 1784 2846 28.
1808 2787 1936 2847 nostrae
1963 2781 2110 2846 editionis

453 2883 539 2964 tulna
568 2886 788 2951 distributione
816 2886 863 2950 tit.
890 2889 939 2950 12.
966 2886 1073 2967 faetus
1105 2888 1166 2963 ast,·
1203 2883 1317 2949 titulus
1339 2887 1389 2948 26.
1417 2889 1544 2950 nostrae
1575 2885 1723 2950 editionis
1745 2885 1828 2949 deest
1835 2904 1846 2962 ,·
1888 2884 1945 2965 etr.
1970 2884 2111 2950 Barbam

456 2988 476 3052 l.
492 3011 517 3052 e.
534 3011 571 3070 p.
588 2997 642 3053 IV.
2127 3019 2155 3058 io

563 3112 591 3172 2.
627 3110 670 3174 In
691 3110 826 3176 editione
846 3110 987 3175 secunda
1008 3109 1124 3173 eodieis
1150 3109 1363 3175 Tlieodosiani
1388 3131 1410 3172 a
1431 3109 1544 3175 Iaeobo
1563 3109 1728 3176 Ouiaeio
1750 3131 1835 3175 auno
1854 3111 1945 3175 1586.
1968 3109 2110 3174 Parisiis

454 3212 544 3293 apud
565 3213 787 3278 Sebastianum
809 3213 982 3278 Nioellium
1004 3218 1118 3278 eurota
1146 3214 1260 3278 iterum
1286 3214 1323 3277 in
1349 3213 1453 3277 indies
1474 3213 1566 3278 uerba
1588 3213 1843 3296 ‘Burpuudi'onis
1862 3213 1936 3292 10,
1965 3214 2022 3295 oui
2044 3213 2109 3278 Pa-

449 3317 548 3398 pinni
569 3317 803 3398 Responsorum
831 3317 960 3382 titulum
976 3318 1121 3398 praefert
1143 3316 1225 3398 (alia
1247 3316 1457 3398 exemplaria:
1480 3317 1652 3400 praetulit)
1674 3315 1758 3382 liber’
1780 3318 1824 3381 ad
1845 3323 1986 3382 nostram
2008 3317 2109 3400 lepem,

453 3440 535 3502 quae
556 3441 590 3503 p.
612 3422 788 3485 138-152.
821 3441 969 3502 expressa
998 3427 1057 3499 est,
1088 3426 1237 3502 speetant.
1285 3422 1374 3502 Quae
1400 3421 1496 3485 editio
1512 3422 1553 3485 46
1580 3419 1690 3486 titulos
1719 3421 1869 3498 emitinet,
1901 3422 2037 3486 oiai'ssus
2065 3426 2110 3487 est

454 3523 502 3588 tit.
523 3528 548 3586 1.
566 3524 689 3603 prioris
711 3525 859 3589 editionis
866 3546 877 3603 ,·
899 3525 948 3591 tit.
964 3526 1017 3592 28.
1039 3530 1137 3591 nostr.
1153 3525 1199 3588 eil.
1223 3523 1286 3590 ῑοοο
1310 3526 1357 3590 tit.
1376 3528 1423 3588 11.
1446 3525 1599 3589 remansit
1620 3525 1755 3605 itmnque
1769 3525 1853 3589 deest
1875 3526 1923 3589 tit.
1940 3528 1991 3590 26.
2011 3531 2108 3592 nostr.
2128 3555 2154 3594 is

454 3626 518 3704 ed.,·
545 3626 603 3708 afr.
626 3627 768 3693 Barloio
790 3627 811 3691 l.
831 3650 856 3694 e.
877 3649 911 3710 p.
931 3635 980 3707 Vl,
1002 3649 1088 3692 num.
1106 3631 1135 3695 3.
1684 3651 1689 3660 ·

562 3748 708 3814 Seeumla
736 3749 831 3814 editio
857 3770 923 3814 non
948 3749 1133 3830 simpliciter
1163 3751 1255 3814 aerbo
1279 3750 1402 3831 prioris
1428 3743 1559 3826 reddit¹,
1589 3750 1644 3813 sed
1669 3755 1720 3812 sat
1741 3749 1859 3814 multas
1880 3751 2110 3817 umrdatioius

457 3852 557 3916 babet.

565 3956 630 4021 Sed
649 3977 715 4021 nou
736 3956 837 4021 solum
860 3957 894 4021 id
915 3957 1095 4038 quaeritur,
1126 3977 1204 4021 num
1230 3955 1384 4022 Ouiaeins
1410 3957 1447 4020 in
1469 3957 1691 4021 conscribenda
1712 3979 1774 4021 sua
1796 3959 1930 4024 editimie
1951 3961 2110 4026 eodieibus

452 4059 643 4141 quibusdam
664 4061 753 4125 nobis
774 4081 838 4125 uim
859 4061 992 4125 seruatis
1013 4081 1092 4124 usus
1113 4061 1165 4137 sit,
1188 4060 1351 4124 sedetiam
1367 4081 1404 4123 ea
1420 4060 1544 4124 exsistit
1558 4061 1709 4140 quaestio,
1731 4066 1840 4127 utrum
1860 4062 1955 4128 editio
1968 4065 2108 4128 seeundo
2126 4091 2153 4132 si

454 4163 612 4227 eodieibus
633 4163 768 4242 nitatur,
802 4164 858 4245 qui
883 4163 1014 4230 Ouiaeio
1044 4164 1081 4228 iu
1110 4164 1245 4228 adduae
1267 4164 1417 4244 principe
1440 4170 1570 4244 praesto
1599 4186 1664 4230 non
1692 4171 1807 4244 essent,
1841 4188 1886 4231 an
1913 4189 1966 4245 ea,
1993 4169 2109 4250 quibus

453 4266 603 4331 editiones
632 4267 716 4331 inter
743 4289 776 4331 se
805 4267 935 4346 distent,
970 4267 1034 4332 alio
1065 4267 1201 4350 quodam
1232 4269 1321 4332 modo
1352 4269 1418 4332 sint
1448 4266 1646 4348 explicando.
1691 4269 1769 4334 Mea
1798 4272 1924 4352 quidem
1953 4274 2109 4338 sementia

458 4367 612 4434 Oiiiaeius
638 4372 674 4434 iii
695 4371 830 4436 editione
846 4373 994 4453 prineipe
1015 4372 1118 4436 eodiee
1133 4372 1196 4437 Ai
1218 4373 1381 4453 eodemque
1403 4373 1498 4436 etiam
1519 4375 1557 4436 in
1577 4373 1713 4438 editione
1734 4374 1836 4438 altera
1854 4377 2020 4456 paranda,
2051 4377 2108 4442 ad-

453 4473 550 4537 bibita
573 4479 678 4538 tamen
700 4495 938 4556 nunnunquam
960 4476 1079 4539 eodieee
1094 4477 1126 4539 A
1139 4480 1168 4554 5,
1190 4499 1270 4540 usus
1290 4498 1354 4540 esse
1368 4477 1500 4540 tieletur.
1536 4474 1659 4541 Deinde
1679 4477 1715 4541 in
1733 4477 1837 4542 titulis
1857 4483 1882 4545 1.
1897 4482 1925 4543 2.
1942 4483 1989 4547 11.
2006 4481 2109 4546 eodiee

457 4574 528 4654 03,
560 4577 596 4641 in
623 4578 670 4641 tit.
688 4580 718 4643 2.
731 4580 846 4644 21141.
869 4579 971 4644 eodiee
993 4585 1052 4643 aut
1070 4578 1121 4645 01
1142 4585 1201 4643 aut
1219 4579 1278 4646 02
1301 4602 1381 4645 usus
1408 4587 1462 4646 est.
1509 4581 1545 4645 Si
1567 4581 1810 4646 diiudicandum
1831 4584 1890 4662 sit,
1921 4589 1992 4649 uter
2014 4586 2153 4650 eatenis

453 4685 632 4762 inurpatus
653 4683 704 4758 sit,
727 4682 851 4745 indicia
871 4682 1027 4747 nonnulla
1048 4683 1174 4764 quidem
1196 4684 1251 4748 sed
1271 4684 1361 4748 lauit
1382 4687 1490 4766 mapa-i
1512 4685 1657 4749 aeminenti
1679 4687 1723 4749 ail
1744 4687 1878 4751 eodieem
1896 4687 1953 4753 Oi
1969 4688 2109 4770 delipare

455 4783 607 4848 uidentur.
664 4784 825 4850 Postremo
857 4787 902 4850 ael
933 4786 1024 4851 uerba
1056 4787 1221 4852 titulorum
1244 4791 1274 4853 2.
1293 4791 1341 4852 ii.
1359 4792 1411 4854 44.
1441 4788 1589 4853 editionis
1615 4791 1771 4854 secandae
1797 4791 2017 4856 cominando
2047 4794 2107 4858 ad-

452 4886 639 4952 liibebantur
672 4909 725 4953 eae
757 4890 923 4966 editiones,
957 4891 1072 4972 quibus
1099 4890 1134 4955 lii
1161 4891 1249 4955 tituli
1277 4913 1346 4956 una
1375 4913 1447 4956 ium
1474 4891 1550 4956 aliis
1578 4893 1660 4956 iuris
1685 4893 1826 4974 sonitibus
1852 4915 1950 4978 usque
1977 4897 2021 4960 ail
2048 4917 2107 4962 an-

451 5012 530 5055 num
550 4993 642 5058 1586.
665 4993 797 5058 emissae
818 4999 910 5072 suut;
936 5015 1016 5058 usus
1037 5001 1084 5059 est
1109 4993 1263 5060 Oiiiaeius
1284 4996 1320 5060 in
1342 4996 1402 5059 liae
1424 4995 1525 5060 altera
1547 4997 1682 5061 editione
1705 4999 1858 5078 ‘antiquis
1879 4998 1996 5081 lepibus
2017 5000 2107 5065 Bur-

450 5095 656 5174 pundionum'
684 5095 802 5179 (Titii),
836 5118 916 5178 quas
949 5098 1016 5180 ipse
1050 5097 1146 5176 affert
1178 5098 1271 5163 initio
1305 5099 1466 5176 editionis,
1501 5099 1612 5164 deinde
1638 5099 1748 5166 (abdiae
1774 5101 1991 5168 Theodosiana
2024 5105 2107 5170 edito
2126 5129 2152 5167 iu

452 5219 474 5261 a
496 5197 659 5277 Sieliardo,
683 5222 722 5264 en·
743 5222 804 5282 quo
826 5202 862 5264 in
884 5200 977 5267 titulo
992 5204 1021 5268 2.
1046 5202 1147 5268 bream
1166 5203 1353 5284 desumpsit,
1377 5204 1421 5266 iul
1441 5224 1532 5284 quein
1554 5205 1649 5268 etiam
1670 5202 1773 5286 plossa
1794 5205 1967 5287 marpinali
1989 5207 2108 5289 delepat

452 5301 502 5366 liis
528 5302 645 5367 verbis:
679 5304 730 5368 ‘al
755 5305 888 5369 domnus
909 5311 1014 5370 noster
1031 5306 1246 5372 Theodericus
1268 5329 1325 5372 rea
1343 5307 1563 5386 Franemum’,
1586 5308 1721 5388 sortasse
1743 5309 1840 5373 etiam
1862 5311 1996 5374 editimie
2015 5313 2106 5394 priu-

454 5409 521 5488 eipe
544 5407 655 5472 Edisti
680 5409 875 5474 Tlieoiloriei.

558 5616 583 5681 1)
601 5613 702 5681 muto,
724 5631 795 5682 quae
812 5632 888 5670 auno
901 5617 975 5670 1586.
999 5617 1119 5670 Geneeae
1135 5615 1229 5669 eiiiissa
1246 5621 1291 5684 est,
1309 5632 1423 5684 quorum
1441 5618 1602 5686 eueiiuileiria
1619 5619 1739 5673 nonduin
1757 5619 1893 5674 eliberatini
1910 5625 2013 5675 niutato
2030 5621 2108 5675 tituto

453 5716 557 5771 iioniine
580 5716 704 5772 editionis
720 5717 913 5787 hipdiuunsis
933 5736 959 5774 a.
977 5719 1051 5774 1593.
1073 5718 1168 5772 iterum
1192 5718 1265 5773 edita
1289 5725 1366 5788 sunt,
1396 5736 1428 5774 aa
1450 5720 1562 5776 editione
1579 5721 1701 5791 prineme
1717 5740 1742 5776 a.
1758 5723 1832 5778 1566.
1852 5723 1984 5794 inseripti
2002 5730 2052 5790 est,·
2076 5741 2108 5780 aa
2126 5741 2151 5782 ii

450 5837 553 5889 quaque
578 5819 670 5889 editio,
699 5837 766 5889 ariae
783 5821 898 5876 Parisiis
920 5839 946 5877 a.
961 5822 1036 5878 1607.
1054 5823 1148 5877 iniusa
1165 5828 1217 5890 est,
1245 5839 1279 5878 ea
1295 5823 1417 5878 noiidum
1433 5824 1572 5879 diuenditis
1589 5826 1782 5897 manptiiribus
1801 5826 1926 5882 aldianis
1946 5827 2108 5884 Parisieusis

451 5925 521 5978 anni
536 5925 611 5979 1586.
629 5955 664 5965 -
681 5929 785 5980 miitata
803 5926 882 5980 tituto
901 5957 934 5966 -
953 5926 1057 5981 ridetur
1074 5932 1209 5992 caustum
1236 5929 1287 5994 etr.
1308 5928 1421 5982 Barkaia
1439 5929 1456 5984 l.
1469 5945 1490 5984 e.
1505 5945 1533 5998 p.
1551 5939 1634 5984 ni-ii.
