4492 6638
629 589 740 645 LEGES
761 591 1067 650 BURGUNDIONUM.
1085 624 1117 634 -
1138 592 1353 649 PRAEFATIO.
1801 597 1820 654 n

276 763 326 828 Dc
348 765 550 844 tennioribus,
584 766 698 846 quibus
726 765 803 829 liber
825 768 1085 832 constitutionum
1107 767 1208 830 denica
1232 771 1422 830 retractatus
1450 765 1506 840 sit,
1535 785 1659 828 morrena
1682 765 1820 828 uirorum

166 867 328 932 doctorum
357 868 550 933 dissensione
578 874 732 946 certatur,
763 891 835 934 eum
863 873 944 935 areni
968 876 1039 938 451.
1059 875 1129 936 472.
1148 873 1338 936 rso—490.
1356 873 1429 934 5111.
1447 872 1518 938 ili.
1543 868 1705 933 dicautur.
1753 871 1820 949 Quo

167 971 256 1034 modo
278 992 348 1036 ocro
371 971 423 1035 ille
444 972 487 1035 sit
509 977 709 1050 retractatus,
733 979 825 1037 tauta
848 982 924 1040 sunt
947 977 981 1039 in
1002 976 1154 1040 uarietate
1176 981 1205 1039 et
1220 974 1422 1048 dissensione,
1445 977 1481 1036 ut
1504 971 1665 1036 nmlcstum
1687 972 1730 1034 sit
1752 973 1819 1034 sin·

164 1073 258 1156 prbis
274 1075 476 1140 dinumerare
490 1077 670 1142 sententias.
705 1077 780 1142 Dua
796 1084 900 1143 ticinen
916 1080 1050 1160 (efferam
1065 1084 1260 1161 arqurmnta,
1283 1097 1365 1158 quae
1380 1076 1511 1142 rnaioris
1525 1075 1658 1155 fuerunt
1673 1074 1819 1138 pronunti

135 1177 202 1241 sin
230 1176 290 1240 bac
320 1179 357 1242 de
384 1177 446 1258 leqe
471 1179 671 1244 Gumioboda
699 1183 890 1260 qrurcstionc.
945 1184 1063 1263 (lauqip
1090 1184 1199 1263 iqitur,
1233 1182 1289 1261 qui
1319 1179 1434 1243 librum
1464 1178 1724 1242 constitutionum
1755 1199 1818 1242 urm

166 1280 330 1361 coelumque
351 1286 485 1362 tenpore
507 1284 718 1363 conscriptum
740 1306 804 1348 esso
825 1292 932 1367 neqat,
955 1287 1129 1366 principue
1154 1287 1188 1348 in
1210 1284 1318 1348 titulos
1334 1285 1387 1348 4⁶2.
1409 1287 1438 1344 ct
1459 1285 1620 1362 soquentes
1642 1281 1817 1360 inquirens,

165 1384 287 1460 emisit,
311 1385 346 1447 id
367 1385 451 1465 quod
472 1387 506 1448 in
530 1387 710 1450 uniuersum
732 1394 813 1451 reete
834 1411 867 1452 se
889 1390 988 1466 balrct,
1012 1391 1048 1452 in
1070 1389 1282 1470 conpluribus
1303 1387 1416 1450 borum
1437 1385 1602 1448 titulorum
1621 1384 1699 1466 lcqes
1721 1385 1819 1448 inesse

165 1509 254 1569 quae,
284 1510 477 1570 quiunquam
495 1491 688 1554 (tundolmdi
709 1492 783 1567 sint,
811 1498 916 1556 tamen
938 1494 974 1557 iu
994 1511 1124 1558 numero
1146 1491 1339 1557 umbella-rum
1362 1490 1521 1554 habendae
1542 1490 1616 1564 sint,
1645 1509 1678 1552 co
1700 1485 1818 1551 scilieet

165 1592 295 1656 camilia
321 1593 529 1672 conscriptae,
560 1599 596 1656 ut
622 1595 705 1674 quod
731 1600 807 1659 tunc
828 1597 928 1676 tuerit
956 1598 1008 1660 ius
1030 1601 1258 1660 commutarent
1280 1599 1339 1657 aut
1361 1593 1510 1661 mennam
1532 1591 1695 1672 quandam
1717 1589 1818 1672 lequm

121 1720 146 1758 ro
165 1690 338 1775 cupbrent¹
363 1695 402 1776 (l.
422 1718 447 1759 c.
465 1718 500 1776 p.
518 1699 590 1762 303.
608 1701 679 1761 3115.
698 1701 785 1776 316).
832 1699 956 1763 Dcirule
976 1699 1082 1764 Wilda
1106 1700 1141 1762 in
1164 1697 1286 1762 ‘Jahrb
1307 1696 1363 1777 fiir
1384 1693 1680 1774 missorescbaftlicbc
1696 1693 1816 1757 Kritili
1860 1730 1864 1740 ·

164 1800 279 1880 (1836)
301 1821 336 1878 p.
354 1803 431 1877 609,
466 1801 644 1881 Strofrccbt
668 1823 703 1880 p.
724 1805 796 1879 1119,
831 1803 978 1880 ostemlit,
1013 1803 1264 1879 cunstituiioncs,
1299 1823 1380 1882 quas
1407 1801 1558 1869 editiones
1586 1799 1660 1880 lepis
1685 1798 1816 1863 (lundo-

163 1901 263 1965 badac
299 1904 423 1966 noire-ine
457 1904 668 1970 additamenti
694 1906 722 1968 I.
763 1905 908 1986 amplecti
942 1907 1080 1972 solebant
1113 1917 1170 1988 (=
1201 1905 1305 1970 Ceust.
1338 1909 1455 1969 extruo.
1482 1906 1615 1978 2--18;
1657 1901 1695 1966 L.
1726 1901 1815 1964 Rom

163 2005 210 2068 tit.
233 2008 363 2090 1144),
391 2027 454 2070 riou
482 2029 546 2070 csse
572 2007 743 2088 simplicem
769 2016 798 2073 ct
820 2032 918 2074 renam
942 2011 1147 2074 collectionem
1170 2010 1267 2091 lupum
1292 2031 1328 2073 ea
1351 2009 1509 2072 (because
1534 2007 1748 2086 compositam,
1781 2010 1817 2069 ut

163 2107 264 2190 lequm
286 2111 351 2173 iam
371 2111 565 2175 asstantium
583 2111 831 2193 supplementum
847 2121 956 2190 essent,
979 2115 1035 2178 scel
1049 2136 1113 2177 esse
1128 2115 1240 2195 potius
1254 2111 1460 2177 collectionem
1475 2111 1575 2190 legurm
1589 2109 1817 2190 posterioribus

120 2237 144 2276 n
163 2211 286 2276 aerim
308 2215 497 2293 temporibus
519 2217 559 2279 ab
581 2217 759 2280 bominibus
780 2219 921 2297 priuatis
943 2219 1021 2282 libro
1044 2218 1304 2282 constitutionum
1325 2217 1521 2280 additarum.
1568 2214 1658 2295 Quod
1683 2212 1817 2292 plurimi

161 2315 300 2380 bominis
322 2317 413 2393 electi,
437 2319 494 2398 qui
519 2320 552 2382 in
573 2320 656 2383 banc
674 2342 740 2384 rem
754 2322 998 2401 inquisiverunt,
1023 2323 1176 2402 iurisque
1197 2323 1261 2385 iam
1281 2321 1408 2400 Gaupp,
1432 2319 1543 2382 deinde
1558 2319 1652 2382 ctiam
1669 2315 1815 2392 Blabme,

160 2417 245 2499 salso
266 2420 476 2501 ncqleccruut.

272 2541 334 2605 Sed
351 2563 417 2622 qua
439 2563 473 2606 re
488 2544 638 2623 perducti
661 2545 799 2608 bomincs
821 2547 904 2610 docti
926 2547 1042 2610 librum
1064 2548 1323 2612 constitutionum
1349 2548 1464 2610 iterum
1485 2566 1524 2607 ac
1545 2544 1674 2623 saquis
1689 2539 1815 2620 publim

160 2649 367 2709 retractatam
389 2667 453 2710 csse
469 2648 645 2726 posuerint,
669 2648 884 2731 intelliqemus,
907 2653 937 2714 si
958 2651 1109 2732 quoorodo
1126 2651 1235 2734 prima
1256 2650 1439 2714 coristitutio
1461 2647 1583 2712 tradita
1606 2647 1648 2710 sit
1670 2645 1814 2726 respicie-

118 2769 143 2808 u
161 2769 240 2811 ireres.
276 2749 443 2814 Editiones
463 2752 546 2814 caim
564 2753 664 2816 secuti
678 2773 716 2815 ac
732 2753 873 2817 codicum
889 2755 983 2835 fidem
1002 2755 1110 2833 uerbis,
1126 2775 1207 2835 quac
1225 2757 1317 2817 sunt:
1333 2753 1392 2817 Vir
1407 2751 1663 2836 gloriosissimus
1678 2744 1813 2812 Gundo-

160 2851 266 2916 bidus
291 2875 349 2917 rex
368 2892 403 2900 -
425 2855 622 2940 sumpsimus
647 2863 768 2920 statuta
792 2859 948 2942 perscribi
971 2865 1026 2939 (=
1042 2880 1093 2942 pr.
1116 2865 1216 2923 corrst
1236 2863 1362 2922 nostroe
1383 2857 1456 2920 edit.
1472 2855 1576 2935 forino
1590 2853 1638 2936 A)
1659 2852 1721 2914 riui
1737 2872 1813 2930 pro-

152 2956 264 3036 priam
288 2958 388 3021 inesse
403 2963 581 3038 putarunt,
605 2961 730 3023 reoneiuc
747 2962 874 3042 qmimac
889 2963 1106 3042 praelationis
1128 2959 1435 3043 (praefatiunculae)
1458 2959 1533 3022 baec
1556 2956 1648 3020 cerlra
1669 2957 1814 3018 uotautcs

159 3080 256 3140 eaque
268 3061 373 3140 priori
388 3060 463 3142 lepis
476 3061 747 3144 Burqundionuru
761 3064 882 3144 ferratae
897 3087 918 3127 a
931 3067 1128 3130 (lundobado
1143 3067 1310 3130 institutae
1324 3063 1542 3129 adscribentes.
1571 3057 1813 3139 Inscriptiouem

159 3183 288 3244 eamque
309 3164 473 3244 pubblicum
502 3165 576 3230 libri
607 3168 866 3233 constitutionum
895 3170 988 3233 cerba
1019 3192 1083 3234 esse
1109 3175 1305 3246 statuerunt,
1336 3189 1417 3249 quac
1445 3167 1480 3230 in
1502 3163 1659 3229 codicibus
1681 3160 1812 3225 initium

116 3287 141 3324 n
158 3265 286 3347 [acirim
305 3269 429 3348 primae
451 3271 704 3336 consultationis:
735 3273 773 3337 ln
797 3273 859 3338 Dei
885 3276 1014 3338 nomine
1038 3297 1123 3339 anno
1148 3274 1292 3339 secundo
1317 3274 1409 3358 regni
1432 3271 1541 3336 domni
1566 3269 1667 3333 nostri
1692 3266 1810 3351 glorio·

160 3371 279 3435 sissimi
304 3371 504 3456 Sigismundi
533 3377 621 3459 regis
652 3377 736 3440 liber
763 3378 1029 3442 constitutionum
1058 3378 1099 3441 dc
1127 3378 1314 3464 praeteritis
1338 3382 1371 3440 et
1394 3373 1625 3461 praesentibus
1653 3377 1751 3455 atquc
1779 3370 1809 3432 in

158 3469 350 3560 perpetuum
381 3478 610 3542 conservandis
640 3479 768 3564 legibus
805 3488 837 3544 et
866 3481 976 3545 datum
1016 3483 1075 3546 sub
1106 3482 1159 3547 dic
1191 3482 1269 3545 1111.
1293 3479 1459 3544 Kalendas
1486 3477 1610 3563 Aprilis
1639 3473 1810 3559 Lugduno.

159 3577 272 3642 Prima
299 3579 398 3660 iqitur
425 3583 621 3660 constitutio,
652 3604 882 3666 nonnunquam
909 3586 1049 3649 secunda
1070 3585 1233 3667 praefatio
1260 3585 1439 3660 nominata,
1473 3581 1513 3645 ab
1535 3580 1618 3643 bisce
1640 3577 1739 3642 rcrbis
1762 3576 1810 3639 iu·

158 3681 306 3760 cipiebat:
330 3683 450 3747 Amore
474 3685 620 3750 iustitiae
643 3693 699 3770 (=
717 3707 770 3767 pr.
794 3694 890 3754 const.
912 3690 976 3766 §2
999 3695 1096 3754 nostr.
1120 3689 1191 3767 ed).

114 3819 139 3858 ³⁰
272 3803 312 3868 Ut
346 3810 451 3868 autem
478 3809 647 3887 probemus
669 3809 904 3890 praefationem
930 3832 1029 3892 usque
1058 3811 1163 3875 adbuc
1184 3812 1326 3892 primam
1353 3809 1471 3872 dictam
1500 3806 1561 3886 ipsi
1586 3803 1709 3885 primae
1736 3823 1807 3864 con-

155 3907 317 3971 stitutioni
337 3929 401 3972 csse
422 3910 712 3989 adnumerantur,
740 3915 787 3977 ita
810 3920 846 3978 ut
867 3914 930 3978 oin
946 3916 1101 3996 prooemii
1123 3915 1244 3992 babeat,
1267 3914 1578 3994 inscnptioncmque,
1601 3927 1683 3988 qima
1704 3903 1809 3970 adlecta

154 4008 266 4090 fucrit,
307 4032 405 4093 neque
438 4012 511 4077 libri
543 4017 803 4081 constitutionum
834 4039 932 4099 neque
964 4020 1091 4098 primae
1121 4017 1358 4083 coristitationis
1392 4038 1469 4092 csse,
1507 4015 1694 4094 arqununta
1726 4028 1808 4090 quac

155 4121 333 4195 srqceuatur
353 4115 537 4195 offeramus.

264 4234 408 4300 Primam
430 4239 690 4317 emutitutioncm,
713 4243 743 4305 si
764 4244 965 4307 coniunctam
982 4249 1173 4324 putaremus
1194 4265 1266 4306 curu
1287 4240 1388 4306 uerbis
1409 4259 1491 4320 quae
1506 4236 1610 4300 adbuc
1626 4233 1805 4314 inscriptio-

111 4357 136 4396 u
154 4357 224 4399 uem
255 4337 319 4400 oiri
351 4340 435 4404 docti
466 4341 676 4423 appellabant,
710 4346 944 4428 seiunctamque
970 4367 991 4409 o
1011 4335 1215 4427 quassatione
1244 4365 1341 4427 quam
1367 4343 1478 4407 dicunt
1505 4340 1648 4420 primam
1673 4342 1731 4419 (=
1752 4357 1805 4416 pr.

154 4445 249 4502 corut.
273 4441 336 4522 A),
375 4443 497 4522 uitiosa,
539 4446 667 4510 minime
699 4449 853 4530 inteqram
887 4451 1040 4514 traditam
1074 4472 1139 4514 esse
1174 4449 1379 4529 raetuitcstum
1414 4449 1499 4509 osset.
1555 4443 1636 4524 chc
1670 4441 1752 4504 enim
1786 4461 1807 4502 a

153 4542 268 4606 corbis:
299 4545 419 4611 Amare
448 4549 591 4614 iustitias
618 4588 654 4597 -
681 4552 864 4618 studuimus
888 4554 1037 4618 ordinare
1061 4555 1115 4635 (=
1137 4575 1188 4634 pr.
1211 4558 1308 4618 const.
1332 4552 1414 4630 ἓῖ.)
1441 4547 1624 4628 incipiente,
1658 4545 1806 4626 quisnam

153 4651 208 4722 est,
230 4648 287 4727 qui
308 4646 384 4712 leaeo
404 4652 496 4715 uerba
510 4652 613 4732 tacit?
646 4654 820 4720 Nescimus.
859 4656 961 4721 Saura
983 4664 1089 4722 autem
1110 4680 1222 4723 norica
1244 4656 1351 4738 isqui
1373 4653 1515 4734 loquitur
1537 4670 1601 4715 non
1623 4648 1702 4725 edit;
1731 4668 1805 4712 uam

153 4750 210 4830 qui
241 4772 297 4815 reu
330 4753 366 4815 in
396 4754 601 4836 inscriptione
630 4758 810 4844 appellatur
839 4783 903 4825 non
929 4761 1100 4842 liquentem
1125 4784 1158 4826 sc
1183 4759 1372 4835 introducit,
1409 4755 1464 4820 scd
1488 4755 1609 4836 facturn
1638 4749 1804 4832 quoddam,

111 4873 137 4910 a
154 4851 272 4917 scil-icet
294 4855 361 4918 dics
381 4878 443 4938 quo
466 4859 543 4923 liber
564 4863 823 4928 coristitutionum
846 4865 927 4946 reqis
949 4866 1052 4929 editus
1072 4866 1124 4942 sit,
1147 4865 1183 4928 in
1206 4864 1409 4947 inseriptimw
1431 4859 1488 4924 illa
1502 4857 1647 4937 affertur.
1687 4853 1805 4920 Contra

152 4945 202 5018 res
226 4955 326 5036 pune
356 4967 466 5041 aperta
500 4970 558 5041 est,
591 4965 621 5027 si
654 4963 735 5031 illud
766 4969 985 5032 enuntiatum:
1019 4971 1140 5034 Amore
1170 4970 1377 5034 iustitiae-
1403 4963 1600 5040 studuimus,
1634 4965 1703 5024 arte
1732 4980 1803 5023 cori-

156 5142 326 5201 Guadobodo
348 5151 535 5219 conscriptam,
563 5152 659 5206 libram
681 5155 898 5210 oonstbutionum
919 5157 1009 5224 quatis
1030 5173 1106 5211 nunc
1126 5162 1213 5212 eura
1232 5172 1307 5211 anno
1324 5156 1384 5212 517.
1403 5173 1421 5207 o
1440 5150 1613 5224 Siqionutldo
1632 5146 1805 5216 &mmm

152 5262 206 5301 esse
223 5250 362 5306 comenda.

163 5361 165 5368 ·
258 5355 282 5420 1)
300 5353 529 5425 Doooudltqblou
546 5363 578 5426 et,
596 5360 644 5426 qui
661 5375 719 5414 cum
736 5361 862 5428 suatur,
881 5361 1045 5433 chstcbniq
1062 5363 1189 5418 eimrnodi
1205 5363 1324 5418 ordinem
1335 5363 1507 5433 sinqularum
1518 5359 1740 5416 memmium
1751 5373 1803 5412 erce

108 5471 133 5510 a
151 5454 300 5510 coniciunt:
318 5457 378 5512 Lib.
390 5464 470 5514 corut
483 5460 522 5514 tit.
533 5462 627 5516 1-41.
640 5481 666 5518 a.
676 5463 736 5530 471,
755 5463 793 5518 tit.
804 5466 845 5520 42.
859 5483 884 5520 a.
894 5467 954 5534 501,
973 5467 1013 5521 tit.
1022 5467 1133 5523 43-45.
1147 5485 1172 5521 a.
1182 5469 1243 5536 502,
1261 5469 1300 5522 tit.
1311 5467 1422 5523 46-52.
1435 5484 1460 5519 a
1470 5467 1528 5520 5116.
1539 5469 1588 5517 eud
1597 5465 1657 5529 51⁸2,
1671 5461 1804 5531 portantes

151 5561 189 5615 tit.
201 5561 316 5628 53-62,
343 5562 380 5616 tit.
391 5563 502 5617 iss-84.
520 5582 578 5618 una
595 5582 655 5620 cuni
671 5568 763 5635 primo
777 5573 856 5636 porte
869 5569 975 5638 primm
992 5571 1189 5626 mantionis
1206 5572 1341 5640 aturaqac
1357 5569 1472 5624 editione
1488 5568 1569 5624 totins
1586 5567 1671 5636 operr's
1688 5571 1803 5620 marui

155 5662 318 5718 muana
329 5670 424 5734 aeae,
436 5665 680 5725 cammarus.
693 5672 757 5740 teu
768 5671 929 5727 amma
941 5679 1085 5742 mavum
1096 5675 1429 5744 quamsecurium,
1447 5673 1659 5728 mariammes
1668 5671 1708 5724 11.
1721 5669 1802 5738 Siou-

150 5768 250 5822 mundo
268 5775 318 5823 cut
333 5769 481 5826 Godonmo
492 5772 695 5829 aden-ibenium
706 5791 765 5831 cese.
791 5777 965 5847 Pumiaem
982 5786 1020 5835 est
1036 5780 1108 5835 bone
1119 5781 1269 5850 minimum
1286 5779 1355 5834 aaa
1371 5778 1448 5834 aliid
1466 5793 1526 5847 esre,
1546 5792 1628 5845 mmm
1644 5773 1802 5828 mimam

151 5872 223 5925 illam
242 5873 346 5940 quidem
364 5893 382 5927 a
399 5875 499 5946 Garqrp
512 5879 652 5948 prolatant,
674 5880 719 5934 sed
735 5882 805 5948 falco
822 5883 987 5954 inplicatam.

254 5973 305 6024 un.
325 5975 391 6024 seer.
404 5972 428 6025 1.
441 5975 473 6026 11.
1577 5981 1595 6036 2
